Trade ID,Price,Quantity,Time
172938297,344.00000000,0.01500000,1736089152496
172938298,344.00000000,0.72400000,1736089157876
172938299,344.00000000,0.02100000,1736089157876
172938300,344.01000000,0.67700000,1736089157877
172938301,344.01000000,0.02000000,1736089159637
172938302,344.00000000,0.02100000,1736089166513
172938303,344.00000000,0.00800000,1736089166513
172938304,344.01000000,0.94500000,1736089166904
172938305,344.01000000,0.05500000,1736089166904
172938306,343.94000000,0.67400000,1736089170024
172938307,343.94000000,0.27100000,1736089170114
172938308,343.94000000,0.10500000,1736089170114
172938309,343.97000000,0.43900000,1736089170576
172938310,343.98000000,0.02200000,1736089170613
172938311,343.99000000,0.41800000,1736089170613
172938312,343.97000000,0.31500000,1736089176008
172938313,343.97000000,0.31500000,1736089176113
172938314,343.95000000,0.42100000,1736089177418
172938315,343.91000000,0.86000000,1736089183279
172938316,343.91000000,1.03000000,1736089185966
172938317,343.91000000,0.50900000,1736089185966
172938318,343.91000000,0.01900000,1736089191227
172938319,343.91000000,0.33200000,1736089191227
172938320,343.90000000,0.01200000,1736089192314
172938321,343.90000000,0.02100000,1736089192314
172938322,343.81000000,0.05900000,1736089193868
172938323,343.81000000,0.94500000,1736089193868
172938324,343.81000000,0.94500000,1736089193868
172938325,343.81000000,2.22400000,1736089193868
172938326,343.80000000,0.02100000,1736089200349
172938327,343.76000000,1.00000000,1736089200350
172938328,343.73000000,0.55100000,1736089200352
172938329,343.73000000,0.38100000,1736089200354
172938330,343.73000000,0.90600000,1736089200360
172938331,343.76000000,3.65000000,1736089201078
172938332,343.76000000,0.40100000,1736089201079
172938333,343.77000000,0.02200000,1736089201079
172938334,343.77000000,1.42600000,1736089201079
172938335,343.82000000,0.37500000,1736089202094
172938336,343.83000000,0.52000000,1736089203714
172938337,343.87000000,0.42400000,1736089204640
172938338,343.90000000,0.02100000,1736089205478
172938339,343.90000000,0.02100000,1736089205478
172938340,343.95000000,0.38500000,1736089205912
172938341,343.95000000,0.03100000,1736089205912
172938342,343.95000000,0.69500000,1736089205912
172938343,344.00000000,0.02100000,1736089205920
172938344,344.01000000,0.89000000,1736089205920
172938345,344.03000000,0.34900000,1736089205920
172938346,344.03000000,0.19000000,1736089205921
172938347,344.06000000,0.66000000,1736089212255
172938348,344.10000000,0.02100000,1736089213103
172938349,344.11000000,0.04000000,1736089213103
172938350,344.13000000,0.34300000,1736089213103
172938351,344.11000000,0.01500000,1736089213295
172938352,344.10000000,0.02100000,1736089214685
172938353,344.09000000,0.39700000,1736089214686
172938354,344.09000000,0.18400000,1736089214687
172938355,344.06000000,0.08700000,1736089216785
172938356,344.01000000,0.90600000,1736089218123
172938357,344.01000000,0.94500000,1736089218123
172938358,344.01000000,1.10100000,1736089218123
172938359,344.02000000,0.65100000,1736089218123
172938360,344.02000000,0.94500000,1736089218123
172938361,344.02000000,0.50600000,1736089218123
172938362,344.01000000,0.02000000,1736089219467
172938363,344.00000000,0.02100000,1736089219821
172938364,343.90000000,0.39900000,1736089220204
172938365,343.90000000,0.02100000,1736089220204
172938366,343.90000000,0.02100000,1736089220204
172938367,343.90000000,0.02200000,1736089220204
172938368,343.90000000,0.94500000,1736089220204
172938369,343.90000000,1.08100000,1736089220204
172938370,343.87000000,0.39900000,1736089220204
172938371,343.87000000,0.02200000,1736089220204
172938372,343.86000000,0.94500000,1736089220204
172938373,343.86000000,0.80000000,1736089220204
172938374,343.85000000,5.34500000,1736089220204
172938375,343.87000000,0.01800000,1736089221364
172938376,343.81000000,0.02700000,1736089224344
172938377,343.82000000,0.49000000,1736089225209
172938378,343.82000000,0.24600000,1736089225210
172938379,343.89000000,0.02200000,1736089226690
172938380,343.89000000,0.39900000,1736089226690
172938381,343.89000000,0.26400000,1736089226690
172938382,343.88000000,0.12500000,1736089226744
172938383,343.89000000,0.05700000,1736089228072
172938384,343.90000000,0.02100000,1736089228383
172938385,343.90000000,0.02100000,1736089228383
172938386,343.90000000,0.22400000,1736089228383
172938387,343.89000000,0.05800000,1736089228388
172938388,343.90000000,0.17500000,1736089228390
172938389,343.90000000,0.20900000,1736089228390
172938390,343.90000000,0.40600000,1736089228401
172938391,343.89000000,0.02500000,1736089228752
172938392,343.90000000,0.67600000,1736089234785
172938393,343.90000000,0.67100000,1736089234792
172938394,343.88000000,0.42400000,1736089235464
172938395,343.88000000,0.03200000,1736089235470
172938396,343.81000000,0.94500000,1736089238750
172938397,343.81000000,0.11400000,1736089238750
172938398,343.83000000,0.90600000,1736089241871
172938399,343.83000000,0.33300000,1736089241871
172938400,343.82000000,0.58100000,1736089243322
172938401,343.80000000,0.02100000,1736089243377
172938402,343.78000000,0.79500000,1736089252135
172938403,343.78000000,0.55200000,1736089252137
172938404,343.78000000,0.97500000,1736089252138
172938405,343.78000000,1.47100000,1736089252138
172938406,343.78000000,0.20600000,1736089252140
172938407,343.78000000,0.22200000,1736089252188
172938408,343.78000000,0.07200000,1736089253217
172938409,343.80000000,0.02100000,1736089253974
172938410,343.81000000,2.82300000,1736089254582
172938411,343.80000000,0.39900000,1736089254582
172938412,343.80000000,2.15500000,1736089254582
172938413,343.81000000,0.25700000,1736089256491
172938414,343.81000000,0.84800000,1736089256532
172938415,343.81000000,0.25200000,1736089256532
172938416,343.83000000,0.48000000,1736089256532
172938417,343.83000000,0.42700000,1736089256637
172938418,343.83000000,0.94500000,1736089263154
172938419,343.83000000,0.05500000,1736089263154
172938420,343.83000000,1.04400000,1736089263155
172938421,343.82000000,0.39900000,1736089263155
172938422,343.82000000,0.94500000,1736089263155
172938423,343.82000000,1.09400000,1736089263155
172938424,343.81000000,1.03300000,1736089263155
172938425,343.81000000,1.09300000,1736089263155
172938426,343.80000000,0.02100000,1736089263155
172938427,343.80000000,0.39900000,1736089263155
172938428,343.80000000,0.94500000,1736089263155
172938429,343.77000000,0.28300000,1736089263155
172938430,343.77000000,0.11600000,1736089263155
172938431,343.76000000,0.94500000,1736089263155
172938432,343.75000000,0.39900000,1736089263155
172938433,343.75000000,1.00000000,1736089263155
172938434,343.74000000,0.72700000,1736089263155
172938435,343.73000000,0.39900000,1736089263155
172938436,343.72000000,0.18800000,1736089263155
172938437,343.72000000,1.81200000,1736089263155
172938438,343.71000000,0.08200000,1736089263155
172938439,343.71000000,1.88000000,1736089263155
172938440,343.71000000,2.36500000,1736089263155
172938441,343.70000000,1.84500000,1736089263155
172938442,343.70000000,0.02100000,1736089263155
172938443,343.70000000,0.08200000,1736089263155
172938444,343.69000000,0.94500000,1736089263155
172938445,343.67000000,0.18200000,1736089263155
172938446,343.65000000,0.65100000,1736089263155
172938447,343.64000000,0.94500000,1736089263155
172938448,343.63000000,0.65100000,1736089263155
172938449,343.61000000,0.65100000,1736089263155
172938450,343.60000000,1.56200000,1736089263155
172938451,343.60000000,0.14500000,1736089263155
172938452,343.60000000,0.44200000,1736089263155
172938453,343.60000000,0.50300000,1736089263155
172938454,343.60000000,0.02100000,1736089263155
172938455,343.60000000,0.72700000,1736089263155
172938456,343.59000000,1.54900000,1736089263155
172938457,343.59000000,0.87800000,1736089263155
172938458,343.56000000,0.94500000,1736089263155
172938459,343.55000000,0.87000000,1736089263155
172938460,343.54000000,0.02200000,1736089263155
172938461,343.54000000,2.18500000,1736089263155
172938462,343.54000000,1.54700000,1736089263155
172938463,343.51000000,0.94500000,1736089263155
172938464,343.51000000,0.02200000,1736089263155
172938465,343.50000000,0.02100000,1736089263155
172938466,343.48000000,0.26500000,1736089263155
172938467,343.48000000,1.25300000,1736089263156
172938468,343.44000000,0.94500000,1736089263156
172938469,343.44000000,0.50200000,1736089263156
172938470,343.44000000,0.02200000,1736089263156
172938471,343.43000000,0.87000000,1736089263156
172938472,343.43000000,0.43600000,1736089263156
172938473,343.41000000,0.37500000,1736089263156
172938474,343.41000000,0.99700000,1736089263156
172938475,343.41000000,0.45600000,1736089263156
172938476,343.40000000,0.02200000,1736089263156
172938477,343.40000000,0.94500000,1736089263156
172938478,343.40000000,0.02100000,1736089263156
172938479,343.39000000,0.26200000,1736089263156
172938480,343.39000000,0.02200000,1736089263156
172938481,343.36000000,0.94500000,1736089263156
172938482,343.36000000,0.02200000,1736089263156
172938483,343.35000000,0.87000000,1736089263156
172938484,343.33000000,0.02200000,1736089263156
172938485,343.30000000,0.02200000,1736089263156
172938486,343.28000000,0.94500000,1736089263156
172938487,343.27000000,0.08200000,1736089263156
172938488,343.24000000,0.06400000,1736089263156
172938489,343.42000000,0.02200000,1736089263157
172938490,343.27000000,0.02200000,1736089263157
172938491,343.24000000,0.80600000,1736089263157
172938492,343.24000000,0.94500000,1736089263157
172938493,343.24000000,0.37500000,1736089263157
172938494,343.24000000,0.02200000,1736089263157
172938495,343.23000000,0.02200000,1736089263157
172938496,343.21000000,0.58600000,1736089263157
172938497,343.21000000,2.91800000,1736089263157
172938498,343.21000000,0.50000000,1736089263157
172938499,343.21000000,0.02200000,1736089263157
172938500,343.20000000,0.94500000,1736089263157
172938501,343.18000000,0.02200000,1736089263157
172938502,343.17000000,0.39300000,1736089263157
172938503,343.47000000,0.65100000,1736089263157
172938504,343.17000000,0.47700000,1736089263157
172938505,343.17000000,0.13600000,1736089263157
172938506,343.16000000,1.17700000,1736089263157
172938507,343.16000000,0.35900000,1736089263157
172938508,343.16000000,0.58600000,1736089263157
172938509,343.16000000,1.30000000,1736089263157
172938510,343.12000000,0.91400000,1736089263157
172938511,343.12000000,2.80000000,1736089263157
172938512,343.12000000,1.00000000,1736089263158
172938513,343.12000000,2.40000000,1736089263158
172938514,343.14000000,0.35000000,1736089263159
172938515,343.14000000,0.25600000,1736089263159
172938516,343.13000000,0.57400000,1736089263159
172938517,343.13000000,0.55700000,1736089263159
172938518,343.13000000,0.02400000,1736089263160
172938519,343.14000000,4.68000000,1736089263160
172938520,343.17000000,0.57400000,1736089263160
172938521,343.17000000,0.58100000,1736089263160
172938522,343.17000000,0.56600000,1736089263160
172938523,343.18000000,0.19300000,1736089263160
172938524,343.13000000,0.44500000,1736089263160
172938525,343.18000000,0.25300000,1736089263160
172938526,343.18000000,0.12800000,1736089263160
172938527,343.18000000,0.56600000,1736089263160
172938528,343.18000000,0.58100000,1736089263160
172938529,343.22000000,0.56600000,1736089263160
172938530,343.24000000,1.13400000,1736089263160
172938531,343.24000000,0.50600000,1736089263160
172938532,343.24000000,0.25300000,1736089263160
172938533,343.24000000,0.27100000,1736089263160
172938534,343.24000000,1.08900000,1736089263160
172938535,343.24000000,0.80400000,1736089263160
172938536,343.24000000,1.70000000,1736089263161
172938537,343.24000000,0.20700000,1736089263161
172938538,343.25000000,0.56600000,1736089263161
172938539,343.27000000,1.64900000,1736089263161
172938540,343.16000000,0.81000000,1736089263161
172938541,343.13000000,1.45700000,1736089263161
172938542,343.12000000,2.22600000,1736089263161
172938543,343.12000000,1.11300000,1736089263161
172938544,343.12000000,0.81000000,1736089263161
172938545,343.12000000,1.10700000,1736089263161
172938546,343.13000000,0.50000000,1736089263162
172938547,343.27000000,0.18100000,1736089263162
172938548,343.26000000,0.43700000,1736089263162
172938549,343.26000000,1.65800000,1736089263162
172938550,343.26000000,0.63800000,1736089263162
172938551,343.26000000,0.63800000,1736089263162
172938552,343.24000000,0.39900000,1736089263162
172938553,343.13000000,1.15200000,1736089263162
172938554,343.13000000,0.65000000,1736089263162
172938555,343.12000000,0.97000000,1736089263162
172938556,343.26000000,0.25600000,1736089263162
172938557,343.26000000,0.43900000,1736089263163
172938558,343.26000000,1.10700000,1736089263164
172938559,343.27000000,0.75600000,1736089263164
172938560,343.26000000,0.94500000,1736089263166
172938561,343.26000000,2.48500000,1736089263166
172938562,343.26000000,1.35500000,1736089263166
172938563,343.27000000,0.97900000,1736089263166
172938564,343.27000000,1.33400000,1736089263167
172938565,343.26000000,0.14800000,1736089263167
172938566,343.29000000,0.92900000,1736089263167
172938567,343.25000000,1.05500000,1736089263168
172938568,343.25000000,0.39900000,1736089263168
172938569,343.25000000,0.08100000,1736089263168
172938570,343.25000000,0.96500000,1736089263168
172938571,343.27000000,0.25500000,1736089263172
172938572,343.26000000,1.31000000,1736089263172
172938573,343.26000000,0.14600000,1736089263172
172938574,343.26000000,1.10700000,1736089263172
172938575,343.26000000,0.39900000,1736089263173
172938576,343.25000000,0.80000000,1736089263173
172938577,343.25000000,0.21900000,1736089263173
172938578,343.25000000,0.49000000,1736089263173
172938579,343.24000000,0.85500000,1736089263173
172938580,343.24000000,0.81000000,1736089263173
172938581,343.26000000,0.20000000,1736089263184
172938582,343.26000000,0.94500000,1736089263186
172938583,343.29000000,1.77000000,1736089263186
172938584,343.29000000,0.30200000,1736089263186
172938585,343.29000000,3.60000000,1736089263186
172938586,343.29000000,0.43500000,1736089263189
172938587,343.29000000,0.68200000,1736089263189
172938588,343.28000000,0.66700000,1736089263190
172938589,343.32000000,0.14500000,1736089263192
172938590,343.32000000,0.14500000,1736089263192
172938591,343.32000000,0.14500000,1736089263192
172938592,343.32000000,0.68300000,1736089263192
172938593,343.33000000,0.61800000,1736089263201
172938594,343.33000000,0.32700000,1736089263220
172938595,343.33000000,0.22900000,1736089263220
172938596,343.33000000,0.32500000,1736089263231
172938597,343.33000000,3.02900000,1736089263231
172938598,343.33000000,2.16100000,1736089263231
172938599,343.33000000,0.09200000,1736089263231
172938600,343.33000000,0.67300000,1736089263234
172938601,343.33000000,0.34200000,1736089263234
172938602,343.34000000,0.24000000,1736089263238
172938603,343.34000000,0.16300000,1736089263241
172938604,343.34000000,0.40300000,1736089263241
172938605,343.35000000,0.14400000,1736089263253
172938606,343.35000000,0.14400000,1736089263253
172938607,343.35000000,0.14400000,1736089263253
172938608,343.35000000,0.14500000,1736089263253
172938609,343.35000000,0.14600000,1736089263253
172938610,343.36000000,0.96800000,1736089263254
172938611,343.36000000,1.69700000,1736089263257
172938612,343.36000000,0.13100000,1736089263260
172938613,343.35000000,0.07000000,1736089263269
172938614,343.36000000,0.93700000,1736089263283
172938615,343.36000000,0.14400000,1736089263283
172938616,343.37000000,1.70000000,1736089263283
172938617,343.40000000,1.10700000,1736089263287
172938618,343.40000000,1.41400000,1736089263287
172938619,343.40000000,1.03300000,1736089263287
172938620,343.40000000,0.57400000,1736089263287
172938621,343.40000000,0.58100000,1736089263287
172938622,343.40000000,0.23000000,1736089263287
172938623,343.40000000,0.94500000,1736089263287
172938624,343.40000000,0.94500000,1736089263287
172938625,343.39000000,0.24600000,1736089263287
172938626,343.39000000,0.33500000,1736089263287
172938627,343.36000000,0.94500000,1736089263287
172938628,343.36000000,0.39900000,1736089263287
172938629,343.36000000,0.45000000,1736089263287
172938630,343.36000000,2.99800000,1736089263287
172938631,343.35000000,0.94500000,1736089263287
172938632,343.35000000,2.27300000,1736089263287
172938633,343.39000000,0.02100000,1736089263288
172938634,343.35000000,0.72500000,1736089263288
172938635,343.35000000,0.20000000,1736089263288
172938636,343.35000000,0.20000000,1736089263288
172938637,343.35000000,0.80000000,1736089263288
172938638,343.35000000,0.20000000,1736089263288
172938639,343.35000000,0.20000000,1736089263288
172938640,343.34000000,0.39900000,1736089263288
172938641,343.33000000,0.80100000,1736089263288
172938642,343.33000000,2.19700000,1736089263288
172938643,343.32000000,0.94500000,1736089263288
172938644,343.30000000,1.49800000,1736089263288
172938645,343.29000000,1.49800000,1736089263288
172938646,343.28000000,0.15100000,1736089263288
172938647,343.28000000,1.49800000,1736089263288
172938648,343.27000000,0.15100000,1736089263288
172938649,343.27000000,0.50000000,1736089263288
172938650,343.27000000,0.62400000,1736089263288
172938651,343.39000000,0.58200000,1736089263303
172938652,343.39000000,2.41600000,1736089263308
172938653,343.39000000,0.58400000,1736089263308
172938654,343.40000000,0.94500000,1736089263319
172938655,343.41000000,0.05500000,1736089263319
172938656,343.40000000,1.12100000,1736089263319
172938657,343.39000000,0.36100000,1736089263431
172938658,343.39000000,0.02100000,1736089263431
172938659,343.35000000,0.12900000,1736089263449
172938660,343.34000000,0.94500000,1736089263522
172938661,343.34000000,0.49200000,1736089263522
172938662,343.39000000,0.02100000,1736089263584
172938663,343.40000000,0.52000000,1736089263584
172938664,343.39000000,0.40000000,1736089263957
172938665,343.40000000,0.02100000,1736089264093
172938666,343.44000000,0.94500000,1736089264331
172938667,343.44000000,0.30700000,1736089264331
172938668,343.44000000,1.00000000,1736089266731
172938669,343.44000000,0.45500000,1736089266732
172938670,343.44000000,0.20000000,1736089266732
172938671,343.45000000,0.43800000,1736089266732
172938672,343.49000000,1.34400000,1736089267109
172938673,343.50000000,0.02100000,1736089267354
172938674,343.54000000,0.94500000,1736089267354
172938675,343.55000000,0.02200000,1736089267354
172938676,343.58000000,0.00700000,1736089267354
172938677,343.56000000,0.94500000,1736089267358
172938678,343.58000000,0.41000000,1736089267358
172938679,343.58000000,0.02200000,1736089267358
172938680,343.58000000,0.06800000,1736089267358
172938681,343.54000000,1.00000000,1736089267619
172938682,343.54000000,0.58800000,1736089267619
172938683,343.54000000,0.39500000,1736089267619
172938684,343.52000000,0.94500000,1736089267619
172938685,343.50000000,0.90600000,1736089267619
172938686,343.50000000,0.02100000,1736089267619
172938687,343.50000000,0.22500000,1736089267619
172938688,343.49000000,2.53500000,1736089267619
172938689,343.49000000,0.80000000,1736089267619
172938690,343.48000000,0.94500000,1736089267619
172938691,343.48000000,0.58200000,1736089267619
172938692,343.46000000,3.63400000,1736089267619
172938693,343.45000000,2.04900000,1736089267619
172938694,343.44000000,0.94500000,1736089267619
172938695,343.42000000,1.49800000,1736089267619
172938696,343.40000000,0.02100000,1736089267619
172938697,343.40000000,1.58400000,1736089267619
172938698,343.39000000,0.94500000,1736089267619
172938699,343.36000000,1.45500000,1736089267619
172938700,343.35000000,0.94500000,1736089267619
172938701,343.35000000,0.26200000,1736089267619
172938702,343.32000000,0.72700000,1736089267619
172938703,343.31000000,0.94500000,1736089267619
172938704,343.31000000,0.56600000,1736089267619
172938705,343.32000000,0.38100000,1736089267623
172938706,343.32000000,0.19300000,1736089267623
172938707,343.38000000,0.18800000,1736089267623
172938708,343.34000000,0.57400000,1736089267623
172938709,343.34000000,0.37100000,1736089267623
172938710,343.38000000,0.20300000,1736089267623
172938711,343.35000000,0.20200000,1736089267681
172938712,343.35000000,0.85200000,1736089267684
172938713,343.44000000,1.00000000,1736089271630
172938714,343.44000000,0.58800000,1736089271631
172938715,343.44000000,0.94500000,1736089271631
172938716,343.40000000,0.94500000,1736089271631
172938717,343.39000000,1.85300000,1736089271631
172938718,343.39000000,0.78900000,1736089271631
172938719,343.39000000,0.58200000,1736089271631
172938720,343.38000000,0.94500000,1736089271631
172938721,343.35000000,0.02100000,1736089271631
172938722,343.34000000,0.94500000,1736089271631
172938723,343.31000000,1.01100000,1736089271631
172938724,343.31000000,0.62900000,1736089271631
172938725,343.30000000,3.64600000,1736089271631
172938726,343.28000000,0.94500000,1736089271631
172938727,343.27000000,0.72800000,1736089271631
172938728,343.27000000,0.72700000,1736089271631
172938729,343.26000000,0.72800000,1736089271631
172938730,343.24000000,0.94500000,1736089271631
172938731,343.24000000,0.43700000,1736089271631
172938732,343.24000000,0.72800000,1736089271631
172938733,343.23000000,0.25600000,1736089271635
172938734,343.23000000,0.33900000,1736089271636
172938735,343.23000000,0.33900000,1736089271636
172938736,343.33000000,0.02100000,1736089272348
172938737,343.33000000,0.90000000,1736089272348
172938738,343.36000000,1.31700000,1736089272348
172938739,343.34000000,0.29300000,1736089273605
172938740,343.33000000,0.02100000,1736089274971
172938741,343.32000000,3.04900000,1736089274971
172938742,343.31000000,1.58900000,1736089274971
172938743,343.29000000,0.94500000,1736089274973
172938744,343.26000000,0.05500000,1736089274973
172938745,343.30000000,0.29100000,1736089274975
172938746,343.25000000,0.54200000,1736089275213
172938747,343.25000000,0.29700000,1736089277528
172938748,343.32000000,0.02000000,1736089279031
172938749,343.36000000,0.94500000,1736089279186
172938750,343.36000000,0.52100000,1736089279186
172938751,343.36000000,0.42400000,1736089279186
172938752,343.35000000,1.05400000,1736089279186
172938753,343.35000000,2.65800000,1736089279186
172938754,343.33000000,0.94500000,1736089279186
172938755,343.33000000,2.65800000,1736089279186
172938756,343.32000000,0.92500000,1736089279186
172938757,343.32000000,2.55000000,1736089279186
172938758,343.31000000,2.55000000,1736089279187
172938759,343.31000000,0.02100000,1736089279187
172938760,343.31000000,0.14400000,1736089279187
172938761,343.27000000,0.94500000,1736089279187
172938762,343.27000000,0.43600000,1736089279187
172938763,343.23000000,1.58900000,1736089279187
172938764,343.23000000,4.14700000,1736089279187
172938765,343.21000000,0.94500000,1736089279187
172938766,343.20000000,0.02100000,1736089279187
172938767,343.16000000,0.26200000,1736089279187
172938768,343.16000000,0.71700000,1736089279187
172938769,343.17000000,0.25300000,1736089279192
172938770,343.17000000,0.25300000,1736089279192
172938771,343.19000000,0.50600000,1736089280351
172938772,343.19000000,0.57400000,1736089280351
172938773,343.19000000,0.94500000,1736089280351
172938774,343.19000000,0.58100000,1736089280351
172938775,343.19000000,1.19900000,1736089280351
172938776,343.19000000,2.76500000,1736089280351
172938777,343.19000000,0.04300000,1736089280351
172938778,343.18000000,1.19900000,1736089280351
172938779,343.18000000,2.76500000,1736089280351
172938780,343.17000000,0.94500000,1736089280351
172938781,343.17000000,1.20300000,1736089280351
172938782,343.17000000,1.58900000,1736089280351
172938783,343.16000000,0.94500000,1736089280351
172938784,343.14000000,0.14500000,1736089280351
172938785,343.14000000,0.02200000,1736089280351
172938786,343.14000000,0.10800000,1736089280351
172938787,343.20000000,0.02100000,1736089282604
172938788,343.24000000,4.46800000,1736089282604
172938789,343.24000000,0.01800000,1736089282645
172938790,343.25000000,0.02200000,1736089283013
172938791,343.25000000,0.50900000,1736089283013
172938792,343.25000000,0.71500000,1736089283343
172938793,343.25000000,0.72500000,1736089283346
172938794,343.25000000,2.16500000,1736089283348
172938795,343.24000000,2.81200000,1736089283365
172938796,343.24000000,0.94500000,1736089283365
172938797,343.24000000,0.20600000,1736089283365
172938798,343.24000000,1.01000000,1736089283365
172938799,343.23000000,0.94500000,1736089283365
172938800,343.23000000,0.94500000,1736089283365
172938801,343.23000000,1.96100000,1736089283365
172938802,343.20000000,0.02100000,1736089283365
172938803,343.20000000,0.60300000,1736089283365
172938804,343.20000000,3.34200000,1736089283365
172938805,343.16000000,0.94500000,1736089283365
172938806,343.15000000,0.05500000,1736089283365
172938807,343.15000000,0.09000000,1736089283367
172938808,343.12000000,0.94500000,1736089283367
172938809,343.10000000,0.72800000,1736089283370
172938810,343.10000000,0.27200000,1736089283370
172938811,343.09000000,0.60100000,1736089283370
172938812,343.09000000,0.76000000,1736089283406
172938813,343.10000000,0.50400000,1736089283602
172938814,343.10000000,0.51300000,1736089284167
172938815,343.10000000,0.21400000,1736089284168
172938816,343.10000000,0.30100000,1736089284168
172938817,343.10000000,0.20300000,1736089284206
172938818,343.11000000,0.31400000,1736089284206
172938819,343.06000000,1.02700000,1736089284696
172938820,343.06000000,0.94500000,1736089284697
172938821,343.06000000,1.22800000,1736089285272
172938822,343.06000000,0.94500000,1736089285272
172938823,343.06000000,0.94500000,1736089285272
172938824,343.07000000,1.22800000,1736089285272
172938825,343.09000000,0.02100000,1736089286588
172938826,343.09000000,0.78800000,1736089286588
172938827,343.13000000,0.02200000,1736089286589
172938828,343.14000000,9.05000000,1736089286589
172938829,343.14000000,20.59700000,1736089286589
172938830,343.14000000,0.09300000,1736089286589
172938831,343.15000000,1.24300000,1736089286589
172938832,343.15000000,0.04000000,1736089286592
172938833,343.16000000,0.59400000,1736089286592
172938834,343.20000000,0.02100000,1736089287345
172938835,343.24000000,0.94500000,1736089287345
172938836,343.24000000,0.53500000,1736089287345
172938837,343.25000000,6.91000000,1736089287351
172938838,343.24000000,0.21000000,1736089287444
172938839,343.25000000,0.58100000,1736089288134
172938840,343.24000000,1.00000000,1736089290689
172938841,343.24000000,0.24500000,1736089290689
172938842,343.24000000,0.94500000,1736089290689
172938843,343.23000000,1.24400000,1736089290689
172938844,343.23000000,0.94500000,1736089290689
172938845,343.22000000,0.94500000,1736089290690
172938846,343.20000000,0.02100000,1736089290690
172938847,343.19000000,0.14500000,1736089290690
172938848,343.17000000,0.94500000,1736089290690
172938849,343.15000000,0.14500000,1736089290690
172938850,343.12000000,0.94500000,1736089290724
172938851,343.12000000,1.25600000,1736089290724
172938852,343.12000000,0.72800000,1736089290724
172938853,343.11000000,0.26200000,1736089290984
172938854,343.09000000,0.02100000,1736089290984
172938855,343.03000000,0.13600000,1736089292844
172938856,343.02000000,0.07100000,1736089292844
172938857,343.01000000,0.17400000,1736089292844
172938858,343.00000000,0.94500000,1736089292844
172938859,343.00000000,0.12000000,1736089292844
172938860,342.95000000,0.02100000,1736089295097
172938861,342.95000000,1.90900000,1736089295097
172938862,342.94000000,0.65200000,1736089295383
172938863,342.94000000,0.29400000,1736089295383
172938864,342.94000000,0.94500000,1736089295383
172938865,342.94000000,1.10700000,1736089295383
172938866,342.94000000,1.23400000,1736089295383
172938867,342.94000000,0.89800000,1736089295383
172938868,342.94000000,0.05500000,1736089296303
172938869,342.94000000,0.53600000,1736089297330
172938870,342.94000000,0.33500000,1736089297330
172938871,342.93000000,0.02100000,1736089298136
172938872,342.90000000,1.45800000,1736089298136
172938873,342.89000000,0.25600000,1736089298140
172938874,342.89000000,0.25600000,1736089298141
172938875,342.89000000,0.06200000,1736089298141
172938876,342.89000000,0.19400000,1736089298141
172938877,342.89000000,0.25600000,1736089298141
172938878,342.89000000,0.25600000,1736089298141
172938879,342.89000000,0.23900000,1736089298143
172938880,342.89000000,0.94500000,1736089298143
172938881,342.89000000,0.28700000,1736089298148
172938882,342.89000000,0.39900000,1736089298148
172938883,342.89000000,0.94500000,1736089298148
172938884,342.89000000,0.25600000,1736089298852
172938885,342.89000000,0.25600000,1736089298857
172938886,342.89000000,0.14100000,1736089298857
172938887,342.89000000,0.11500000,1736089298857
172938888,342.89000000,0.25600000,1736089298859
172938889,342.89000000,0.02800000,1736089298861
172938890,342.89000000,0.22800000,1736089298861
172938891,342.89000000,0.25600000,1736089298862
172938892,342.89000000,0.25600000,1736089298863
172938893,342.89000000,0.25600000,1736089298864
172938894,342.88000000,0.25600000,1736089299160
172938895,342.88000000,0.14300000,1736089299161
172938896,342.88000000,0.11300000,1736089299161
172938897,342.88000000,0.25600000,1736089299161
172938898,342.88000000,0.25600000,1736089299161
172938899,342.88000000,0.14500000,1736089299163
172938900,342.88000000,0.25600000,1736089299166
172938901,342.88000000,0.25600000,1736089299167
172938902,342.88000000,0.25600000,1736089299168
172938903,342.88000000,0.25600000,1736089299168
172938904,342.88000000,0.25600000,1736089299172
172938905,342.88000000,0.25600000,1736089299173
172938906,342.88000000,0.25600000,1736089299173
172938907,342.88000000,0.25600000,1736089299173
172938908,342.88000000,0.25600000,1736089299173
172938909,342.88000000,0.25600000,1736089299174
172938910,342.88000000,0.20200000,1736089299174
172938911,342.89000000,0.05400000,1736089299174
172938912,342.89000000,0.18500000,1736089299188
172938913,342.89000000,0.07100000,1736089299188
172938914,342.89000000,0.25600000,1736089299189
172938915,342.89000000,0.25600000,1736089299190
172938916,342.89000000,0.25600000,1736089299191
172938917,342.89000000,0.03800000,1736089299192
172938918,342.89000000,0.21800000,1736089299192
172938919,342.88000000,0.94500000,1736089299753
172938920,342.88000000,0.12300000,1736089299753
172938921,342.88000000,0.94500000,1736089299753
172938922,342.87000000,0.39900000,1736089299753
172938923,342.86000000,0.94500000,1736089299753
172938924,342.85000000,0.01700000,1736089299753
172938925,342.84000000,0.94500000,1736089299753
172938926,342.84000000,0.02200000,1736089299753
172938927,342.82000000,0.91300000,1736089299753
172938928,342.81000000,0.02200000,1736089299753
172938929,342.81000000,0.02100000,1736089299753
172938930,342.81000000,1.50400000,1736089299753
172938931,342.80000000,0.94500000,1736089299753
172938932,342.80000000,0.26200000,1736089299753
172938933,342.80000000,0.14400000,1736089299753
172938934,342.80000000,0.14400000,1736089299753
172938935,342.80000000,1.81500000,1736089299753
172938936,342.79000000,1.50400000,1736089299753
172938937,342.79000000,3.79500000,1736089299753
172938938,342.78000000,0.02200000,1736089299753
172938939,342.78000000,0.52800000,1736089299753
172938940,342.86000000,1.74500000,1736089301313
172938941,342.84000000,0.25900000,1736089301319
172938942,342.84000000,0.25900000,1736089301319
172938943,342.83000000,0.39900000,1736089301342
172938944,342.85000000,0.31100000,1736089301342
172938945,342.85000000,1.25100000,1736089301363
172938946,342.86000000,0.39900000,1736089301363
172938947,342.86000000,1.83100000,1736089301363
172938948,342.86000000,0.03500000,1736089304954
172938949,342.83000000,0.14900000,1736089307665
172938950,342.83000000,3.85100000,1736089311344
172938951,342.81000000,0.03000000,1736089317317
172938952,342.82000000,0.39900000,1736089317317
172938953,342.83000000,0.34700000,1736089317317
172938954,342.82000000,0.16100000,1736089323821
172938955,342.82000000,0.04400000,1736089323821
172938956,342.80000000,0.02100000,1736089325663
172938957,342.80000000,0.01600000,1736089325663
172938958,342.80000000,0.02100000,1736089328603
172938959,342.76000000,0.94500000,1736089328603
172938960,342.75000000,0.02200000,1736089328603
172938961,342.72000000,0.02200000,1736089328603
172938962,342.72000000,0.02200000,1736089328603
172938963,342.72000000,0.02100000,1736089328603
172938964,342.72000000,0.57100000,1736089328603
172938965,342.76000000,1.30400000,1736089330603
172938966,342.76000000,0.32100000,1736089330603
172938967,342.76000000,0.39900000,1736089331433
172938968,342.78000000,0.39900000,1736089331433
172938969,342.78000000,1.20100000,1736089331433
172938970,342.78000000,0.39900000,1736089331528
172938971,342.79000000,4.32700000,1736089331528
172938972,342.80000000,0.02100000,1736089331528
172938973,342.80000000,0.39900000,1736089331528
172938974,342.82000000,0.39900000,1736089331528
172938975,342.83000000,0.94500000,1736089331528
172938976,342.84000000,22.91200000,1736089331528
172938977,342.86000000,0.39900000,1736089331528
172938978,342.89000000,0.94500000,1736089331528
172938979,342.89000000,5.83500000,1736089331528
172938980,342.90000000,0.02100000,1736089331528
172938981,342.92000000,22.79500000,1736089331528
172938982,342.92000000,1.16600000,1736089331528
172938983,342.92000000,3.07500000,1736089331528
172938984,342.94000000,0.94500000,1736089331528
172938985,342.95000000,0.02100000,1736089331528
172938986,342.95000000,0.87000000,1736089331528
172938987,342.96000000,23.26800000,1736089331529
172938988,343.00000000,0.94500000,1736089331529
172938989,343.00000000,0.02100000,1736089331529
172938990,343.02000000,2.40900000,1736089331530
172938991,343.03000000,0.87300000,1736089331530
172938992,343.04000000,0.12700000,1736089331530
172938993,343.04000000,0.81800000,1736089331531
172938994,343.04000000,9.19200000,1736089331531
172938995,342.99000000,1.45800000,1736089331531
172938996,342.99000000,1.45800000,1736089331531
172938997,342.99000000,0.72900000,1736089331531
172938998,342.99000000,0.72900000,1736089331531
172938999,343.01000000,1.45800000,1736089331531
172939000,343.01000000,0.72900000,1736089331531
172939001,343.01000000,2.91600000,1736089331531
172939002,343.03000000,2.91600000,1736089331531
172939003,342.98000000,1.45800000,1736089331531
172939004,342.99000000,0.72900000,1736089331531
172939005,342.99000000,0.72900000,1736089331531
172939006,342.99000000,1.45800000,1736089331531
172939007,342.99000000,1.45800000,1736089331531
172939008,343.01000000,0.72900000,1736089331531
172939009,343.03000000,1.45800000,1736089331531
172939010,343.00000000,1.45800000,1736089331532
172939011,343.00000000,1.45800000,1736089331532
172939012,343.01000000,2.91600000,1736089331532
172939013,343.03000000,2.91600000,1736089331532
172939014,343.03000000,2.91600000,1736089331532
172939015,343.03000000,1.45800000,1736089331532
172939016,343.04000000,2.91600000,1736089331532
172939017,343.04000000,2.91600000,1736089331532
172939018,343.04000000,1.45800000,1736089331532
172939019,343.05000000,2.91600000,1736089331532
172939020,343.06000000,2.91600000,1736089331532
172939021,343.09000000,0.94500000,1736089331532
172939022,343.00000000,1.45800000,1736089331532
172939023,343.01000000,0.95100000,1736089331532
172939024,343.01000000,0.50700000,1736089331532
172939025,343.01000000,2.39300000,1736089331532
172939026,343.01000000,0.52300000,1736089331532
172939027,343.01000000,1.45800000,1736089331532
172939028,343.03000000,0.81900000,1736089331532
172939029,343.03000000,0.63900000,1736089331532
172939030,343.00000000,0.72900000,1736089331532
172939031,343.02000000,2.91600000,1736089331532
172939032,343.07000000,1.85500000,1736089331532
172939033,343.07000000,1.06100000,1736089331532
172939034,343.10000000,0.02100000,1736089331532
172939035,343.13000000,0.87300000,1736089331532
172939036,343.13000000,1.92700000,1736089331532
172939037,343.04000000,0.72900000,1736089331532
172939038,343.12000000,2.17100000,1736089331532
172939039,343.03000000,0.72900000,1736089331532
172939040,343.12000000,0.74500000,1736089331532
172939041,343.13000000,0.98900000,1736089331532
172939042,343.13000000,1.16600000,1736089331532
172939043,343.13000000,0.29200000,1736089331532
172939044,343.13000000,2.50800000,1736089331532
172939045,343.13000000,0.40800000,1736089331532
172939046,343.14000000,1.18900000,1736089331532
172939047,343.14000000,1.30300000,1736089331532
172939048,343.06000000,2.91600000,1736089331532
172939049,343.14000000,43.98400000,1736089331532
172939050,343.14000000,13.25200000,1736089331532
172939051,343.16000000,0.94500000,1736089331532
172939052,343.16000000,1.45800000,1736089331532
172939053,343.17000000,6.69700000,1736089331532
172939054,343.17000000,6.69700000,1736089331532
172939055,343.17000000,6.69700000,1736089331532
172939056,343.17000000,0.02100000,1736089331532
172939057,343.18000000,1.60000000,1736089331532
172939058,343.19000000,2.91600000,1736089331532
172939059,343.20000000,6.69700000,1736089331532
172939060,343.07000000,2.91600000,1736089331532
172939061,343.21000000,0.94500000,1736089331532
172939062,343.23000000,0.87400000,1736089331532
172939063,343.23000000,0.41700000,1736089331532
172939064,343.23000000,0.04800000,1736089331532
172939065,343.20000000,2.90000000,1736089331532
172939066,343.20000000,0.01600000,1736089331532
172939067,343.23000000,2.86800000,1736089331532
172939068,343.25000000,0.94500000,1736089331532
172939069,343.13000000,2.91600000,1736089331532
172939070,343.28000000,1.18800000,1736089331532
172939071,343.31000000,1.39600000,1736089331532
172939072,343.22000000,2.31600000,1736089331533
172939073,343.22000000,0.60000000,1736089331535
172939074,343.31000000,1.52000000,1736089331535
172939075,343.32000000,0.59300000,1736089331535
172939076,343.32000000,0.35200000,1736089331535
172939077,343.33000000,2.36200000,1736089331535
172939078,343.33000000,0.55400000,1736089331535
172939079,343.35000000,0.87000000,1736089331535
172939080,343.35000000,1.28900000,1736089331535
172939081,343.28000000,0.65300000,1736089331535
172939082,343.31000000,0.02400000,1736089331535
172939083,343.26000000,0.65300000,1736089331537
172939084,343.28000000,0.65300000,1736089331537
172939085,343.30000000,0.65300000,1736089331537
172939086,343.31000000,0.62900000,1736089331537
172939087,343.30000000,1.31500000,1736089331538
172939088,343.34000000,0.65300000,1736089331538
172939089,343.35000000,0.65300000,1736089331538
172939090,343.37000000,0.08900000,1736089331538
172939091,343.30000000,0.90600000,1736089331538
172939092,343.34000000,0.11100000,1736089331538
172939093,343.36000000,1.30100000,1736089331538
172939094,343.37000000,0.39400000,1736089331538
172939095,343.36000000,0.80000000,1736089331539
172939096,343.37000000,0.46200000,1736089331539
172939097,343.37000000,0.87200000,1736089331539
172939098,343.37000000,0.57700000,1736089331539
172939099,343.37000000,0.82300000,1736089331539
172939100,343.42000000,0.94500000,1736089331539
172939101,343.48000000,0.87000000,1736089331539
172939102,343.49000000,0.07300000,1736089331539
172939103,343.30000000,0.05500000,1736089331541
172939104,343.30000000,0.85100000,1736089331541
172939105,343.30000000,0.18200000,1736089331541
172939106,343.34000000,0.94500000,1736089331541
172939107,343.35000000,0.04000000,1736089331541
172939108,343.35000000,0.14100000,1736089331541
172939109,343.35000000,0.11400000,1736089331541
172939110,343.35000000,0.90600000,1736089331541
172939111,343.36000000,0.38600000,1736089331541
172939112,343.36000000,0.92800000,1736089331542
172939113,343.36000000,0.61700000,1736089331542
172939114,343.36000000,0.23300000,1736089331542
172939115,343.37000000,0.59000000,1736089331542
172939116,343.33000000,0.57400000,1736089331542
172939117,343.35000000,0.57400000,1736089331545
172939118,343.35000000,0.48000000,1736089331545
172939119,343.35000000,0.10100000,1736089331545
172939120,343.34000000,0.48000000,1736089331545
172939121,343.32000000,0.94500000,1736089331545
172939122,343.30000000,2.50000000,1736089331545
172939123,343.29000000,0.57400000,1736089331545
172939124,343.35000000,0.56600000,1736089331546
172939125,343.35000000,1.10700000,1736089331546
172939126,343.34000000,0.21000000,1736089331546
172939127,343.34000000,0.89000000,1736089331546
172939128,343.30000000,0.65300000,1736089331546
172939129,343.30000000,0.10500000,1736089331546
172939130,343.26000000,0.57400000,1736089331547
172939131,343.36000000,1.30000000,1736089331547
172939132,343.36000000,1.31200000,1736089331547
172939133,343.36000000,0.28900000,1736089331547
172939134,343.28000000,0.58100000,1736089331547
172939135,343.28000000,0.07200000,1736089331548
172939136,343.26000000,0.07900000,1736089331548
172939137,343.25000000,0.57400000,1736089331548
172939138,343.25000000,0.65300000,1736089331548
172939139,343.30000000,0.20000000,1736089331549
172939140,343.32000000,1.05400000,1736089331549
172939141,343.33000000,0.94500000,1736089331549
172939142,343.35000000,0.94500000,1736089331549
172939143,343.35000000,1.31000000,1736089331549
172939144,343.35000000,0.10300000,1736089331549
172939145,343.34000000,0.56600000,1736089331550
172939146,343.26000000,0.08100000,1736089331550
172939147,343.24000000,0.15300000,1736089331550
172939148,343.35000000,0.10000000,1736089331550
172939149,343.29000000,0.02000000,1736089331551
172939150,343.27000000,1.03300000,1736089331551
172939151,343.27000000,0.04000000,1736089331551
172939152,343.30000000,1.30900000,1736089331554
172939153,343.30000000,1.29600000,1736089331554
172939154,343.30000000,0.94500000,1736089331554
172939155,343.34000000,0.94500000,1736089331554
172939156,343.34000000,0.04700000,1736089331554
172939157,343.24000000,0.96200000,1736089331555
172939158,343.29000000,1.30700000,1736089331556
172939159,343.29000000,1.03300000,1736089331556
172939160,343.29000000,1.29400000,1736089331556
172939161,343.34000000,0.60600000,1736089331556
172939162,343.33000000,0.58100000,1736089331559
172939163,343.28000000,1.03300000,1736089331559
172939164,343.27000000,0.20000000,1736089331563
172939165,343.25000000,0.20000000,1736089331563
172939166,343.27000000,0.20000000,1736089331564
172939167,343.27000000,0.36600000,1736089331564
172939168,343.27000000,1.30500000,1736089331565
172939169,343.28000000,1.29300000,1736089331565
172939170,343.28000000,0.01300000,1736089331566
172939171,343.28000000,1.29200000,1736089331566
172939172,343.27000000,0.58100000,1736089331570
172939173,343.30000000,0.58200000,1736089331573
172939174,343.30000000,0.58200000,1736089331574
172939175,343.28000000,1.61600000,1736089331574
172939176,343.29000000,0.94500000,1736089331579
172939177,343.29000000,1.10700000,1736089331579
172939178,343.30000000,0.58200000,1736089331581
172939179,343.30000000,0.72000000,1736089331586
172939180,343.30000000,0.72000000,1736089331586
172939181,343.29000000,0.94500000,1736089331591
172939182,343.29000000,0.56600000,1736089331591
172939183,343.23000000,0.85400000,1736089331594
172939184,343.22000000,0.14500000,1736089331594
172939185,343.22000000,0.14500000,1736089331594
172939186,343.22000000,0.19900000,1736089331594
172939187,343.23000000,2.12100000,1736089331597
172939188,343.23000000,0.40000000,1736089331597
172939189,343.23000000,0.70700000,1736089331597
172939190,343.24000000,1.28400000,1736089331597
172939191,343.22000000,0.33200000,1736089331599
172939192,343.22000000,0.61300000,1736089331602
172939193,343.22000000,0.02400000,1736089331602
172939194,343.23000000,1.28400000,1736089331603
172939195,343.23000000,0.90400000,1736089331603
172939196,343.21000000,0.42400000,1736089331604
172939197,343.27000000,1.29900000,1736089331606
172939198,343.27000000,0.94500000,1736089331606
172939199,343.29000000,0.32300000,1736089331606
172939200,343.29000000,0.33000000,1736089331606
172939201,343.30000000,0.20300000,1736089331606
172939202,343.26000000,0.68900000,1736089331610
172939203,343.26000000,1.10700000,1736089331619
172939204,343.26000000,0.36500000,1736089331620
172939205,343.24000000,1.45600000,1736089331639
172939206,343.23000000,0.39900000,1736089331639
172939207,343.21000000,0.14500000,1736089331641
172939208,343.21000000,0.52100000,1736089331641
172939209,343.22000000,1.41400000,1736089331644
172939210,343.22000000,0.57400000,1736089331644
172939211,343.26000000,0.67400000,1736089331651
172939212,343.21000000,0.44500000,1736089331668
172939213,343.21000000,0.08200000,1736089331669
172939214,343.21000000,0.66700000,1736089331669
172939215,343.21000000,0.27800000,1736089331671
172939216,343.18000000,0.11500000,1736089331688
172939217,343.18000000,1.41400000,1736089331688
172939218,343.20000000,0.02100000,1736089331695
172939219,343.20000000,0.37500000,1736089331708
172939220,343.20000000,1.60400000,1736089331711
172939221,343.18000000,1.47100000,1736089331734
172939222,343.18000000,3.00000000,1736089331734
172939223,343.18000000,0.63300000,1736089331734
172939224,343.18000000,1.33300000,1736089331737
172939225,343.18000000,0.31900000,1736089331763
172939226,343.18000000,0.34700000,1736089331790
172939227,343.18000000,0.02100000,1736089331842
172939228,343.18000000,0.55300000,1736089331857
172939229,343.18000000,0.01000000,1736089331857
172939230,343.18000000,0.21200000,1736089331857
172939231,343.18000000,1.64500000,1736089331930
172939232,343.18000000,0.35500000,1736089331930
172939233,343.17000000,0.02200000,1736089331949
172939234,343.04000000,0.02100000,1736089332928
172939235,343.04000000,0.90600000,1736089332928
172939236,343.02000000,0.94500000,1736089333170
172939237,343.00000000,0.02100000,1736089333477
172939238,342.99000000,0.00700000,1736089333477
172939239,343.00000000,1.86700000,1736089335552
172939240,343.00000000,0.02100000,1736089335552
172939241,343.00000000,0.52000000,1736089335552
172939242,343.00000000,0.17700000,1736089335552
172939243,343.00000000,0.15600000,1736089335552
172939244,343.08000000,0.02200000,1736089335678
172939245,343.10000000,0.14500000,1736089335679
172939246,343.11000000,0.02200000,1736089335696
172939247,343.11000000,0.14400000,1736089335696
172939248,343.13000000,0.06200000,1736089336788
172939249,343.13000000,0.03000000,1736089338119
172939250,343.13000000,0.02000000,1736089339384
172939251,343.14000000,1.86600000,1736089343788
172939252,343.14000000,3.83900000,1736089343788
172939253,343.20000000,0.02100000,1736089343830
172939254,343.20000000,0.11300000,1736089343830
172939255,343.22000000,0.50000000,1736089344063
172939256,343.22000000,21.55000000,1736089351982
172939257,343.22000000,4.20400000,1736089351982
172939258,343.22000000,1.86500000,1736089351982
172939259,343.22000000,0.52000000,1736089351982
172939260,343.23000000,0.98400000,1736089351983
172939261,343.24000000,0.39900000,1736089351985
172939262,343.24000000,2.85800000,1736089351985
172939263,343.28000000,0.02100000,1736089353103
172939264,343.32000000,0.26200000,1736089358647
172939265,343.32000000,0.52000000,1736089358647
172939266,343.32000000,0.21800000,1736089358647
172939267,343.34000000,0.52000000,1736089360192
172939268,343.34000000,0.85500000,1736089360192
172939269,343.35000000,2.74300000,1736089360274
172939270,343.35000000,0.40500000,1736089360274
172939271,343.37000000,0.03500000,1736089360505
172939272,343.41000000,0.26200000,1736089360545
172939273,343.50000000,0.02100000,1736089365353
172939274,343.50000000,1.38800000,1736089365353
172939275,343.56000000,0.02100000,1736089365355
172939276,343.60000000,0.02100000,1736089367522
172939277,343.60000000,0.02100000,1736089370026
172939278,343.58000000,1.59300000,1736089378624
172939279,343.58000000,0.94000000,1736089378625
172939280,343.58000000,0.02500000,1736089378625
172939281,343.58000000,0.05000000,1736089378625
172939282,343.60000000,0.02100000,1736089378628
172939283,343.65000000,1.61300000,1736089378651
172939284,343.65000000,1.23300000,1736089378651
172939285,343.65000000,0.04300000,1736089378652
172939286,343.65000000,0.87400000,1736089380218
172939287,343.65000000,0.32800000,1736089380218
172939288,343.70000000,0.02100000,1736089381361
172939289,343.75000000,0.07100000,1736089386542
172939290,343.70000000,0.02100000,1736089387456
172939291,343.60000000,0.02100000,1736089389906
172939292,343.58000000,0.02000000,1736089399464
172939293,343.60000000,0.02100000,1736089400127
172939294,343.60000000,0.72700000,1736089400127
172939295,343.60000000,0.48300000,1736089400128
172939296,343.69000000,0.14500000,1736089403387
