Trade ID,Price,Quantity,Time
915434767,707.10000000,0.10000000,1736089302848
915434768,707.10000000,0.01000000,1736089302927
915434769,707.10000000,0.10000000,1736089303056
915434770,707.10000000,0.01400000,1736089303277
915434771,707.10000000,0.00800000,1736089303277
915434772,707.10000000,0.00900000,1736089303277
915434773,707.10000000,0.01800000,1736089303277
915434774,707.10000000,0.02500000,1736089303277
915434775,707.09000000,0.00800000,1736089303277
915434776,707.09000000,0.00900000,1736089303277
915434777,707.09000000,0.00900000,1736089303277
915434778,707.09000000,0.10000000,1736089303492
915434779,707.09000000,0.10000000,1736089303723
915434780,707.09000000,0.00800000,1736089303945
915434781,707.09000000,0.00900000,1736089303945
915434782,707.08000000,0.00800000,1736089303945
915434783,707.08000000,0.00900000,1736089303945
915434784,707.08000000,0.06600000,1736089303945
915434785,707.08000000,0.00800000,1736089304179
915434786,707.08000000,0.00900000,1736089304179
915434787,707.07000000,0.01500000,1736089304179
915434788,707.07000000,0.00800000,1736089304179
915434789,707.07000000,0.00900000,1736089304179
915434790,707.06000000,0.00800000,1736089304179
915434791,707.06000000,0.00900000,1736089304179
915434792,707.05000000,0.00800000,1736089304179
915434793,707.05000000,0.00900000,1736089304179
915434794,707.05000000,0.01700000,1736089304179
915434795,707.05000000,0.10000000,1736089304393
915434796,707.05000000,0.01600000,1736089304566
915434797,707.05000000,0.10000000,1736089304610
915434798,707.05000000,0.10000000,1736089304843
915434799,707.05000000,0.02700000,1736089305060
915434800,707.05000000,0.07300000,1736089305060
915434801,707.05000000,0.10000000,1736089305279
915434802,707.05000000,0.10000000,1736089305510
915434803,707.05000000,0.05200000,1736089305745
915434804,707.05000000,0.00800000,1736089305745
915434805,707.05000000,0.00900000,1736089305745
915434806,707.05000000,0.03100000,1736089305745
915434807,707.05000000,0.10000000,1736089305983
915434808,707.05000000,0.10000000,1736089306209
915434809,707.05000000,0.10000000,1736089306425
915434810,707.05000000,0.10000000,1736089306643
915434811,707.05000000,0.10000000,1736089306864
915434812,707.05000000,0.10000000,1736089307083
915434813,707.05000000,0.06000000,1736089307306
915434814,707.05000000,0.10000000,1736089307315
915434815,707.06000000,0.00900000,1736089307417
915434816,707.06000000,0.04100000,1736089307417
915434817,707.05000000,0.10000000,1736089307547
915434818,707.05000000,0.10000000,1736089307765
915434819,707.05000000,0.10000000,1736089307982
915434820,707.05000000,0.10000000,1736089308197
915434821,707.05000000,0.10000000,1736089308411
915434822,707.05000000,0.10000000,1736089308629
915434823,707.05000000,0.10000000,1736089308865
915434824,707.06000000,0.01400000,1736089308993
915434825,707.05000000,0.10000000,1736089309079
915434826,707.05000000,0.10000000,1736089309302
915434827,707.05000000,0.10000000,1736089309517
915434828,707.05000000,0.10000000,1736089309736
915434829,707.05000000,0.10000000,1736089309963
915434830,707.05000000,1.46500000,1736089310048
915434831,707.05000000,0.10000000,1736089310189
915434832,707.06000000,0.65200000,1736089310209
915434833,707.06000000,0.00800000,1736089310209
915434834,707.06000000,0.50500000,1736089310209
915434835,707.06000000,0.00900000,1736089310209
915434836,707.06000000,0.62300000,1736089310209
915434837,707.05000000,0.10000000,1736089310412
915434838,707.05000000,0.10000000,1736089310649
915434839,707.05000000,0.05300000,1736089310723
915434840,707.06000000,0.14100000,1736089310736
915434841,707.05000000,0.10000000,1736089310890
915434842,707.05000000,0.11900000,1736089310994
915434843,707.05000000,0.09600000,1736089311114
915434844,707.05000000,0.00400000,1736089311114
915434845,707.05000000,0.10000000,1736089311337
915434846,707.05000000,0.10000000,1736089311561
915434847,707.05000000,0.10000000,1736089311782
915434848,707.05000000,0.10000000,1736089312003
915434849,707.05000000,0.10000000,1736089312215
915434850,707.05000000,0.10000000,1736089312451
915434851,707.05000000,0.10000000,1736089312677
915434852,707.05000000,0.10000000,1736089312895
915434853,707.05000000,0.10000000,1736089313132
915434854,707.05000000,0.10000000,1736089313355
915434855,707.05000000,0.10000000,1736089313574
915434856,707.05000000,0.10000000,1736089313822
915434857,707.05000000,0.10000000,1736089314040
915434858,707.05000000,0.10000000,1736089314267
915434859,707.05000000,0.10000000,1736089314477
915434860,707.05000000,0.10000000,1736089314696
915434861,707.05000000,0.04000000,1736089314913
915434862,707.05000000,0.00800000,1736089314913
915434863,707.05000000,0.00900000,1736089314913
915434864,707.05000000,0.04300000,1736089314913
915434865,707.05000000,0.00400000,1736089315023
915434866,707.05000000,0.00800000,1736089315023
915434867,707.05000000,0.10000000,1736089315133
915434868,707.05000000,0.04800000,1736089315302
915434869,707.05000000,0.10000000,1736089315353
915434870,707.05000000,0.10000000,1736089315582
915434871,707.05000000,0.04700000,1736089315590
915434872,707.05000000,0.10000000,1736089315803
915434873,707.05000000,0.10000000,1736089316021
915434874,707.05000000,0.10000000,1736089316256
915434875,707.05000000,0.10000000,1736089316487
915434876,707.05000000,0.10000000,1736089316709
915434877,707.05000000,0.10000000,1736089316935
915434878,707.05000000,0.10000000,1736089317154
915434879,707.05000000,0.02600000,1736089317372
915434880,707.05000000,0.00900000,1736089317372
915434881,707.05000000,0.00800000,1736089317372
915434882,707.05000000,0.05700000,1736089317372
915434883,707.06000000,0.02800000,1736089317375
915434884,707.05000000,0.10000000,1736089317591
915434885,707.05000000,0.10000000,1736089317811
915434886,707.05000000,0.10000000,1736089318044
915434887,707.05000000,0.10000000,1736089318271
915434888,707.05000000,0.10000000,1736089318494
915434889,707.06000000,0.10300000,1736089318567
915434890,707.05000000,0.10000000,1736089318722
915434891,707.05000000,0.10000000,1736089318951
915434892,707.05000000,0.10000000,1736089319172
915434893,707.05000000,0.10000000,1736089319397
915434894,707.05000000,0.10000000,1736089319621
915434895,707.05000000,0.10000000,1736089319845
915434896,707.05000000,0.10000000,1736089320055
915434897,707.05000000,0.10000000,1736089320274
915434898,707.05000000,0.10000000,1736089320495
915434899,707.05000000,0.10000000,1736089320722
915434900,707.05000000,0.10000000,1736089320959
915434901,707.05000000,0.02800000,1736089321096
915434902,707.05000000,0.10000000,1736089321172
915434903,707.05000000,0.10000000,1736089321389
915434904,707.05000000,0.10000000,1736089321608
915434905,707.05000000,0.10000000,1736089321845
915434906,707.06000000,0.08200000,1736089322042
915434907,707.05000000,0.10000000,1736089322068
915434908,707.06000000,0.10200000,1736089322268
915434909,707.05000000,0.10000000,1736089322298
915434910,707.05000000,0.10000000,1736089322524
915434911,707.05000000,0.10000000,1736089322757
915434912,707.05000000,0.10000000,1736089322982
915434913,707.05000000,0.10000000,1736089323208
915434914,707.05000000,0.10000000,1736089323432
915434915,707.05000000,0.10000000,1736089323658
915434916,707.05000000,0.02400000,1736089323722
915434917,707.05000000,0.10000000,1736089323883
915434918,707.05000000,0.00900000,1736089324112
915434919,707.05000000,0.00800000,1736089324112
915434920,707.05000000,0.08300000,1736089324112
915434921,707.05000000,0.30000000,1736089324209
915434922,707.05000000,0.27800000,1736089324209
915434923,707.05000000,0.10000000,1736089324332
915434924,707.05000000,0.10000000,1736089324566
915434925,707.05000000,0.00800000,1736089324790
915434926,707.05000000,0.00900000,1736089324790
915434927,707.05000000,0.08300000,1736089324790
915434928,707.06000000,0.01400000,1736089324992
915434929,707.05000000,0.10000000,1736089325017
915434930,707.05000000,0.00800000,1736089325229
915434931,707.05000000,0.00900000,1736089325229
915434932,707.05000000,0.08300000,1736089325229
915434933,707.05000000,0.34300000,1736089325393
915434934,707.05000000,0.00900000,1736089325393
915434935,707.05000000,0.00800000,1736089325393
915434936,707.05000000,0.05500000,1736089325412
915434937,707.05000000,0.71600000,1736089325412
915434938,707.04000000,0.01400000,1736089325449
915434939,707.04000000,0.00800000,1736089325449
915434940,707.04000000,0.00900000,1736089325449
915434941,707.04000000,0.06900000,1736089325449
915434942,707.04000000,0.10000000,1736089325676
915434943,707.04000000,0.10000000,1736089325895
915434944,707.04000000,0.00800000,1736089326113
915434945,707.04000000,0.00900000,1736089326113
915434946,707.03000000,0.00800000,1736089326113
915434947,707.03000000,0.00900000,1736089326113
915434948,707.02000000,0.04200000,1736089326113
915434949,707.02000000,0.02400000,1736089326113
915434950,707.02000000,0.00800000,1736089326366
915434951,707.02000000,0.00900000,1736089326366
915434952,707.02000000,0.08300000,1736089326366
915434953,707.03000000,0.01400000,1736089326564
915434954,707.02000000,0.00800000,1736089326577
915434955,707.02000000,0.00900000,1736089326577
915434956,707.02000000,0.08300000,1736089326577
915434957,707.03000000,0.02500000,1736089326770
915434958,707.02000000,0.10000000,1736089326794
915434959,707.02000000,0.00800000,1736089327012
915434960,707.02000000,0.00900000,1736089327012
915434961,707.02000000,0.08300000,1736089327012
915434962,707.02000000,0.10000000,1736089327234
915434963,707.03000000,2.20900000,1736089327323
915434964,707.03000000,1.31300000,1736089327323
915434965,707.02000000,0.07000000,1736089327400
915434966,707.02000000,0.00800000,1736089327467
915434967,707.02000000,0.00900000,1736089327467
915434968,707.01000000,0.01100000,1736089327467
915434969,707.01000000,0.00800000,1736089327467
915434970,707.01000000,0.00900000,1736089327467
915434971,707.01000000,0.05500000,1736089327467
915434972,707.01000000,0.00900000,1736089327607
915434973,707.00000000,0.01000000,1736089327695
915434974,707.00000000,0.01400000,1736089327695
915434975,707.00000000,0.07600000,1736089327695
915434976,707.00000000,0.10000000,1736089327914
915434977,707.00000000,0.10000000,1736089328144
915434978,707.00000000,0.10000000,1736089328361
915434979,707.00000000,0.10000000,1736089328586
915434980,707.00000000,0.08500000,1736089328618
915434981,707.00000000,0.06500000,1736089328618
915434982,707.00000000,0.10000000,1736089328829
915434983,707.00000000,0.10000000,1736089329048
915434984,707.00000000,0.10000000,1736089329265
915434985,707.00000000,0.10000000,1736089329487
915434986,707.00000000,0.10000000,1736089329707
915434987,707.00000000,0.10000000,1736089329918
915434988,707.00000000,0.10000000,1736089330146
915434989,707.00000000,0.10000000,1736089330368
915434990,707.00000000,0.10000000,1736089330584
915434991,707.01000000,0.02500000,1736089330681
915434992,707.00000000,0.03500000,1736089330807
915434993,707.00000000,0.00800000,1736089330807
915434994,707.00000000,0.00900000,1736089330807
915434995,707.00000000,0.04800000,1736089330807
915434996,707.00000000,0.10000000,1736089331035
915434997,707.00000000,0.10000000,1736089331249
915434998,707.00000000,0.00900000,1736089331435
915434999,706.99000000,0.00800000,1736089331437
915435000,706.99000000,0.00900000,1736089331437
915435001,706.99000000,2.91200000,1736089331437
915435002,706.98000000,0.01500000,1736089331441
915435003,706.98000000,0.00800000,1736089331441
915435004,706.98000000,0.00900000,1736089331441
915435005,706.97000000,0.00800000,1736089331467
915435006,706.97000000,0.00900000,1736089331467
915435007,706.97000000,0.01500000,1736089331467
915435008,706.97000000,0.01500000,1736089331467
915435009,706.96000000,0.00800000,1736089331467
915435010,706.96000000,0.00800000,1736089331467
915435011,706.96000000,0.03700000,1736089331467
915435012,706.96000000,0.00900000,1736089331686
915435013,706.96000000,0.07500000,1736089331686
915435014,706.95000000,0.01500000,1736089331686
915435015,706.95000000,0.00100000,1736089331686
915435016,706.95000000,0.00700000,1736089331904
915435017,706.95000000,0.00900000,1736089331904
915435018,706.94000000,0.01500000,1736089331904
915435019,706.94000000,0.00800000,1736089331904
915435020,706.94000000,0.00900000,1736089331904
915435021,706.93000000,0.01500000,1736089331904
915435022,706.93000000,0.00900000,1736089331904
915435023,706.92000000,0.00900000,1736089331904
915435024,706.92000000,0.01900000,1736089331904
915435025,706.93000000,0.24000000,1736089331905
915435026,706.94000000,0.28100000,1736089331905
915435027,706.92000000,0.00900000,1736089332124
915435028,706.92000000,0.09100000,1736089332124
915435029,706.92000000,0.00900000,1736089332307
915435030,706.91000000,0.00900000,1736089332352
915435031,706.91000000,0.01400000,1736089332352
915435032,706.91000000,0.01400000,1736089332352
915435033,706.91000000,0.06300000,1736089332352
915435034,706.91000000,0.10000000,1736089332583
915435035,706.91000000,0.10000000,1736089332803
915435036,706.91000000,0.10000000,1736089333020
915435037,706.91000000,0.10000000,1736089333245
915435038,706.91000000,0.10000000,1736089333470
915435039,706.91000000,0.10000000,1736089333701
915435040,706.92000000,0.04200000,1736089333897
915435041,706.91000000,0.10000000,1736089333943
915435042,706.91000000,0.10000000,1736089334152
915435043,706.91000000,0.10000000,1736089334373
915435044,706.91000000,0.03300000,1736089334596
915435045,706.91000000,0.10000000,1736089334598
915435046,706.91000000,0.10000000,1736089334932
915435047,706.91000000,0.02600000,1736089335146
915435048,706.91000000,0.10000000,1736089335153
915435049,706.91000000,0.10000000,1736089335372
915435050,706.91000000,0.10000000,1736089335606
915435051,706.92000000,0.00800000,1736089335663
915435052,706.92000000,0.00900000,1736089335663
915435053,706.92000000,0.06000000,1736089335663
915435054,706.92000000,0.05000000,1736089335663
915435055,706.92000000,0.02400000,1736089335663
915435056,706.92000000,0.01200000,1736089335663
915435057,706.92000000,0.13700000,1736089335678
915435058,706.92000000,0.00800000,1736089335678
915435059,706.92000000,0.00900000,1736089335678
915435060,706.93000000,0.00900000,1736089335678
915435061,706.93000000,0.00800000,1736089335678
915435062,706.93000000,0.02400000,1736089335678
915435063,706.94000000,0.00900000,1736089335678
915435064,706.94000000,0.00800000,1736089335678
915435065,706.95000000,0.00800000,1736089335678
915435066,706.95000000,0.00900000,1736089335678
915435067,706.96000000,0.00800000,1736089335707
915435068,706.96000000,0.00900000,1736089335707
915435069,706.97000000,0.00800000,1736089335707
915435070,706.97000000,0.00900000,1736089335707
915435071,706.98000000,0.00800000,1736089335707
915435072,706.98000000,0.05800000,1736089335707
915435073,706.97000000,0.10000000,1736089335876
915435074,706.97000000,0.10000000,1736089336171
915435075,706.97000000,0.10000000,1736089336410
915435076,706.97000000,0.10000000,1736089336640
915435077,706.97000000,0.10000000,1736089336862
915435078,706.97000000,0.10000000,1736089337089
915435079,706.97000000,0.10000000,1736089337304
915435080,706.97000000,0.10000000,1736089337520
915435081,706.97000000,0.10000000,1736089337747
915435082,706.97000000,0.10000000,1736089337984
915435083,706.97000000,0.10000000,1736089338205
915435084,706.97000000,0.10000000,1736089338427
915435085,706.97000000,0.10000000,1736089338647
915435086,706.97000000,0.02500000,1736089338699
915435087,706.97000000,0.06800000,1736089338747
915435088,706.97000000,0.10000000,1736089338879
915435089,706.97000000,0.10000000,1736089339110
915435090,706.97000000,0.08400000,1736089339190
915435091,706.98000000,0.00900000,1736089339353
915435092,706.98000000,0.00800000,1736089339353
915435093,706.98000000,0.00100000,1736089339353
915435094,706.97000000,0.10000000,1736089339354
915435095,706.98000000,0.02100000,1736089339527
915435096,706.98000000,0.00800000,1736089339527
915435097,706.98000000,0.00900000,1736089339527
915435098,706.98000000,0.32500000,1736089339527
915435099,706.98000000,4.12400000,1736089339527
915435100,706.98000000,0.34200000,1736089339529
915435101,706.99000000,0.00800000,1736089339535
915435102,706.99000000,0.00900000,1736089339535
915435103,706.99000000,1.40800000,1736089339535
915435104,706.98000000,0.10000000,1736089339580
915435105,706.98000000,0.06100000,1736089339692
915435106,706.98000000,0.10000000,1736089339803
915435107,706.98000000,0.10000000,1736089340020
915435108,706.98000000,0.02600000,1736089340123
915435109,706.98000000,0.10000000,1736089340244
915435110,706.98000000,0.10000000,1736089340464
915435111,706.98000000,0.10000000,1736089340686
915435112,706.98000000,0.10000000,1736089340910
915435113,706.98000000,0.10000000,1736089341132
915435114,706.98000000,0.10000000,1736089341359
915435115,706.98000000,0.01200000,1736089341560
915435116,706.98000000,0.10000000,1736089341580
915435117,706.98000000,0.10000000,1736089341832
915435118,706.98000000,0.02200000,1736089341923
915435119,706.98000000,0.10000000,1736089342053
915435120,706.99000000,0.00800000,1736089342253
915435121,706.99000000,0.00800000,1736089342253
915435122,706.98000000,0.10000000,1736089342260
915435123,706.98000000,0.10000000,1736089342488
915435124,706.98000000,0.10000000,1736089342704
915435125,706.98000000,0.10000000,1736089342931
915435126,706.98000000,0.10000000,1736089343146
915435127,706.98000000,0.10000000,1736089343375
915435128,706.98000000,0.10000000,1736089343598
915435129,706.99000000,0.00100000,1736089343808
915435130,706.99000000,0.00700000,1736089343808
915435131,706.98000000,0.10000000,1736089343828
915435132,706.98000000,0.01600000,1736089343829
915435133,706.98000000,0.10000000,1736089344063
915435134,706.98000000,0.10000000,1736089344302
915435135,706.98000000,0.10000000,1736089344524
915435136,706.99000000,0.02100000,1736089344558
915435137,706.99000000,0.00800000,1736089344558
915435138,706.99000000,0.00900000,1736089344558
915435139,706.99000000,0.01100000,1736089344558
915435140,707.00000000,0.00800000,1736089344558
915435141,707.00000000,0.01000000,1736089344558
915435142,707.00000000,0.00900000,1736089344558
915435143,707.00000000,0.02200000,1736089344558
915435144,707.01000000,0.00500000,1736089344558
915435145,707.00000000,0.10000000,1736089344743
915435146,707.00000000,0.10000000,1736089344973
915435147,707.01000000,0.00300000,1736089345163
915435148,707.01000000,0.00900000,1736089345163
915435149,707.01000000,0.02200000,1736089345163
915435150,707.01000000,0.10000000,1736089345198
915435151,707.02000000,0.01500000,1736089345319
915435152,707.02000000,0.00800000,1736089345319
915435153,707.02000000,0.00900000,1736089345319
915435154,707.02000000,0.02500000,1736089345319
915435155,707.03000000,0.00800000,1736089345319
915435156,707.03000000,0.00800000,1736089345319
915435157,707.03000000,0.00900000,1736089345319
915435158,707.04000000,0.00800000,1736089345319
915435159,707.04000000,0.00900000,1736089345319
915435160,707.05000000,0.01500000,1736089345320
915435161,707.05000000,0.00800000,1736089345320
915435162,707.05000000,0.00900000,1736089345320
915435163,707.06000000,0.02200000,1736089345328
915435164,707.06000000,0.00800000,1736089345328
915435165,707.06000000,0.00900000,1736089345328
915435166,707.07000000,0.01500000,1736089345328
915435167,707.07000000,0.00300000,1736089345328
915435168,707.06000000,0.10000000,1736089345434
915435169,707.06000000,0.10000000,1736089345662
915435170,707.06000000,0.10000000,1736089345908
915435171,707.06000000,0.10000000,1736089346130
915435172,707.06000000,0.10000000,1736089346341
915435173,707.06000000,0.10000000,1736089346564
915435174,707.06000000,0.10000000,1736089346788
915435175,707.06000000,0.10000000,1736089347017
915435176,707.06000000,0.10000000,1736089347260
915435177,707.06000000,0.10000000,1736089347478
915435178,707.07000000,0.00500000,1736089347581
915435179,707.07000000,0.00900000,1736089347581
915435180,707.07000000,0.02500000,1736089347581
915435181,707.07000000,0.00800000,1736089347581
915435182,707.08000000,0.00800000,1736089347581
915435183,707.09000000,0.00800000,1736089347581
915435184,707.09000000,0.00900000,1736089347581
915435185,707.10000000,0.01500000,1736089347581
915435186,707.10000000,0.86400000,1736089347581
915435187,707.09000000,0.10000000,1736089347704
915435188,707.09000000,0.40000000,1736089347718
915435189,707.10000000,0.13600000,1736089347840
915435190,707.10000000,0.00800000,1736089347840
915435191,707.10000000,0.00900000,1736089347840
915435192,707.10000000,0.02200000,1736089347840
915435193,707.11000000,0.00800000,1736089347840
915435194,707.11000000,0.00900000,1736089347840
915435195,707.12000000,0.01500000,1736089347840
915435196,707.12000000,0.04000000,1736089347840
915435197,707.12000000,0.00800000,1736089347840
915435198,707.12000000,0.00900000,1736089347840
915435199,707.13000000,0.00800000,1736089347840
915435200,707.13000000,0.00900000,1736089347840
915435201,707.14000000,0.00800000,1736089347840
915435202,707.14000000,0.00800000,1736089347840
915435203,707.13000000,0.10000000,1736089347927
915435204,707.14000000,0.00100000,1736089347936
915435205,707.14000000,0.00800000,1736089347936
915435206,707.14000000,0.09200000,1736089347936
915435207,707.13000000,0.10000000,1736089348139
915435208,707.13000000,0.10000000,1736089348354
915435209,707.13000000,0.30100000,1736089348511
915435210,707.13000000,0.10000000,1736089348584
915435211,707.13000000,0.10000000,1736089348803
915435212,707.13000000,0.10000000,1736089349026
915435213,707.13000000,0.10000000,1736089349247
915435214,707.13000000,0.10000000,1736089349466
915435215,707.13000000,0.10000000,1736089349692
915435216,707.13000000,0.10000000,1736089349902
915435217,707.13000000,0.10000000,1736089350119
915435218,707.13000000,0.10000000,1736089350335
915435219,707.13000000,0.10000000,1736089350566
915435220,707.13000000,0.10000000,1736089350811
915435221,707.13000000,0.10000000,1736089351036
915435222,707.13000000,0.10000000,1736089351254
915435223,707.13000000,0.10000000,1736089351476
915435224,707.14000000,0.06900000,1736089351611
915435225,707.13000000,0.10000000,1736089351692
915435226,707.13000000,0.10000000,1736089351905
915435227,707.13000000,0.10000000,1736089352126
915435228,707.13000000,0.10000000,1736089352346
915435229,707.13000000,0.10000000,1736089352562
915435230,707.14000000,0.00800000,1736089352699
915435231,707.14000000,0.00900000,1736089352699
915435232,707.15000000,0.01500000,1736089352699
915435233,707.15000000,0.00900000,1736089352699
915435234,707.15000000,0.00800000,1736089352699
915435235,707.16000000,0.00900000,1736089352699
915435236,707.16000000,0.00800000,1736089352699
915435237,707.16000000,0.10000000,1736089352792
915435238,707.16000000,0.10000000,1736089353026
915435239,707.17000000,0.01500000,1736089353139
915435240,707.17000000,0.00800000,1736089353139
915435241,707.17000000,0.00900000,1736089353139
915435242,707.18000000,0.00800000,1736089353139
915435243,707.18000000,0.00800000,1736089353139
915435244,707.18000000,0.00900000,1736089353139
915435245,707.19000000,0.01500000,1736089353139
915435246,707.19000000,0.00800000,1736089353139
915435247,707.19000000,0.00900000,1736089353139
915435248,707.20000000,0.01000000,1736089353139
915435249,707.20000000,1.00000000,1736089353139
915435250,707.20000000,0.00800000,1736089353139
915435251,707.20000000,0.00900000,1736089353139
915435252,707.21000000,0.01500000,1736089353139
915435253,707.21000000,0.00800000,1736089353139
915435254,707.21000000,0.00900000,1736089353139
915435255,707.23000000,0.01500000,1736089353208
915435256,707.23000000,0.00800000,1736089353208
915435257,707.23000000,0.00900000,1736089353208
915435258,707.24000000,0.00800000,1736089353208
915435259,707.24000000,0.00900000,1736089353208
915435260,707.25000000,0.04000000,1736089353208
915435261,707.25000000,0.00800000,1736089353208
915435262,707.25000000,0.00900000,1736089353208
915435263,707.26000000,0.01500000,1736089353208
915435264,707.26000000,0.00800000,1736089353208
915435265,707.26000000,0.00900000,1736089353208
915435266,707.27000000,0.01500000,1736089353208
915435267,707.27000000,0.00800000,1736089353208
915435268,707.27000000,0.00900000,1736089353208
915435269,707.29000000,0.10000000,1736089353252
915435270,707.29000000,0.10000000,1736089353466
915435271,707.29000000,0.10000000,1736089353686
915435272,707.29000000,0.10000000,1736089353912
915435273,707.29000000,0.10000000,1736089354135
915435274,707.29000000,0.10000000,1736089354353
915435275,707.29000000,0.10000000,1736089354570
915435276,707.29000000,0.10000000,1736089354795
915435277,707.29000000,0.10000000,1736089355028
915435278,707.29000000,0.10000000,1736089355245
915435279,707.29000000,0.10000000,1736089355460
915435280,707.29000000,0.10000000,1736089355676
915435281,707.29000000,0.10000000,1736089355897
915435282,707.29000000,0.10000000,1736089356125
915435283,707.29000000,0.10000000,1736089356343
915435284,707.29000000,0.10000000,1736089356558
915435285,707.29000000,0.00900000,1736089356774
915435286,707.29000000,0.00800000,1736089356774
915435287,707.29000000,0.02100000,1736089356774
915435288,707.29000000,0.04700000,1736089356774
915435289,707.29000000,0.01500000,1736089356774
915435290,707.29000000,0.10000000,1736089357011
915435291,707.29000000,0.04700000,1736089357058
915435292,707.29000000,0.10000000,1736089357243
915435293,707.29000000,0.02000000,1736089357477
915435294,707.29000000,0.00900000,1736089357477
915435295,707.29000000,0.00800000,1736089357477
915435296,707.29000000,0.02100000,1736089357477
915435297,707.29000000,0.04200000,1736089357477
915435298,707.30000000,0.01400000,1736089357499
915435299,707.29000000,0.10000000,1736089357691
915435300,707.29000000,0.10000000,1736089357907
915435301,707.29000000,0.10000000,1736089358128
915435302,707.30000000,0.00100000,1736089358230
915435303,707.30000000,0.00700000,1736089358230
915435304,707.29000000,0.00800000,1736089358345
915435305,707.29000000,0.00900000,1736089358345
915435306,707.29000000,0.02700000,1736089358345
915435307,707.29000000,0.05600000,1736089358345
915435308,707.30000000,0.01400000,1736089358366
915435309,707.29000000,0.10000000,1736089358590
915435310,707.29000000,0.10000000,1736089358808
915435311,707.29000000,0.10000000,1736089359040
915435312,707.29000000,0.10000000,1736089359264
915435313,707.29000000,0.10000000,1736089359481
915435314,707.29000000,0.00900000,1736089359713
915435315,707.29000000,0.00800000,1736089359713
915435316,707.29000000,0.02400000,1736089359713
915435317,707.29000000,0.05900000,1736089359713
915435318,707.29000000,0.10000000,1736089359943
915435319,707.30000000,0.02200000,1736089360069
915435320,707.29000000,0.10000000,1736089360169
915435321,707.29000000,0.10000000,1736089360419
915435322,707.29000000,0.10000000,1736089360646
915435323,707.29000000,0.10000000,1736089360863
915435324,707.29000000,0.10000000,1736089361080
915435325,707.29000000,0.10000000,1736089361302
915435326,707.29000000,0.04700000,1736089361423
915435327,707.29000000,0.10000000,1736089361521
915435328,707.29000000,0.07000000,1736089361654
915435329,707.29000000,0.10000000,1736089361747
915435330,707.29000000,0.10000000,1736089361964
915435331,707.29000000,0.10000000,1736089362186
915435332,707.29000000,0.10000000,1736089362405
915435333,707.29000000,0.10000000,1736089362632
915435334,707.30000000,0.02800000,1736089362728
915435335,707.29000000,2.64800000,1736089362819
915435336,707.29000000,1.41900000,1736089362819
915435337,707.29000000,0.10000000,1736089362857
915435338,707.29000000,0.10000000,1736089363083
915435339,707.29000000,0.10000000,1736089363296
915435340,707.29000000,0.10000000,1736089363518
915435341,707.29000000,0.10000000,1736089363749
915435342,707.29000000,0.23900000,1736089363908
915435343,707.29000000,0.00800000,1736089363908
915435344,707.29000000,0.00900000,1736089363908
915435345,707.29000000,0.02600000,1736089363908
915435346,707.29000000,0.05900000,1736089363908
915435347,707.29000000,0.10000000,1736089363971
915435348,707.29000000,0.10000000,1736089364202
915435349,707.29000000,0.10000000,1736089364430
915435350,707.29000000,0.10000000,1736089364652
915435351,707.29000000,0.10000000,1736089364877
915435352,707.29000000,0.10000000,1736089365116
915435353,707.29000000,0.15100000,1736089365266
915435354,707.29000000,0.01700000,1736089365340
915435355,707.29000000,0.08300000,1736089365340
915435356,707.29000000,0.07000000,1736089365606
915435357,707.29000000,0.03000000,1736089365606
915435358,707.29000000,0.01400000,1736089365788
915435359,707.29000000,0.10000000,1736089365840
915435360,707.29000000,0.10000000,1736089366062
915435361,707.30000000,0.00700000,1736089366142
915435362,707.29000000,0.03800000,1736089366281
915435363,707.29000000,0.06200000,1736089366281
915435364,707.29000000,0.10000000,1736089366516
915435365,707.29000000,0.10000000,1736089366737
915435366,707.29000000,0.10000000,1736089366968
915435367,707.29000000,0.10000000,1736089367191
915435368,707.30000000,0.01700000,1736089367304
915435369,707.29000000,0.10000000,1736089367403
915435370,707.30000000,0.90500000,1736089367513
915435371,707.30000000,0.00800000,1736089367513
915435372,707.30000000,0.00900000,1736089367513
915435373,707.30000000,0.01100000,1736089367513
915435374,707.30000000,0.02700000,1736089367513
915435375,707.30000000,0.28200000,1736089367513
915435376,707.30000000,0.03800000,1736089367513
915435377,707.31000000,0.10900000,1736089367513
915435378,707.31000000,0.00800000,1736089367513
915435379,707.31000000,0.00900000,1736089367513
915435380,707.32000000,0.00800000,1736089367516
915435381,707.32000000,0.00900000,1736089367516
915435382,707.33000000,0.01500000,1736089367555
915435383,707.33000000,0.00800000,1736089367555
915435384,707.33000000,0.00900000,1736089367555
915435385,707.34000000,0.00800000,1736089367555
915435386,707.34000000,0.01500000,1736089367555
915435387,707.34000000,0.00900000,1736089367555
915435388,707.34000000,0.00800000,1736089367555
915435389,707.35000000,0.00800000,1736089367555
915435390,707.35000000,0.00900000,1736089367555
915435391,707.36000000,0.01100000,1736089367555
915435392,707.35000000,0.10000000,1736089367621
915435393,707.35000000,0.10000000,1736089367845
915435394,707.35000000,0.10000000,1736089368065
915435395,707.35000000,0.34400000,1736089368103
915435396,707.35000000,0.10000000,1736089368284
915435397,707.35000000,0.10000000,1736089368500
915435398,707.35000000,0.10000000,1736089368733
915435399,707.35000000,0.00900000,1736089368952
915435400,707.35000000,0.09100000,1736089368952
915435401,707.35000000,0.00800000,1736089369163
915435402,707.35000000,0.09100000,1736089369163
915435403,707.35000000,0.00100000,1736089369163
915435404,707.36000000,0.03100000,1736089369231
915435405,707.36000000,0.02400000,1736089369231
915435406,707.36000000,0.00800000,1736089369231
915435407,707.36000000,0.00900000,1736089369231
915435408,707.36000000,0.02700000,1736089369231
915435409,707.36000000,0.04200000,1736089369231
915435410,707.35000000,0.10000000,1736089369391
915435411,707.35000000,0.10000000,1736089369608
915435412,707.35000000,0.00900000,1736089369807
915435413,707.35000000,0.00800000,1736089369807
915435414,707.34000000,0.00900000,1736089369807
915435415,707.34000000,0.00800000,1736089369807
915435416,707.33000000,0.00900000,1736089369827
915435417,707.33000000,0.09100000,1736089369827
915435418,707.33000000,0.00800000,1736089370044
915435419,707.33000000,0.00900000,1736089370044
915435420,707.32000000,0.00800000,1736089370044
915435421,707.32000000,0.00900000,1736089370044
915435422,707.32000000,0.06600000,1736089370044
915435423,707.33000000,0.15800000,1736089370160
915435424,707.32000000,0.00800000,1736089370286
915435425,707.32000000,0.00900000,1736089370286
915435426,707.31000000,0.00900000,1736089370286
915435427,707.31000000,0.00800000,1736089370286
915435428,707.31000000,0.06600000,1736089370286
915435429,707.31000000,0.10000000,1736089370515
915435430,707.31000000,0.10000000,1736089370735
915435431,707.31000000,0.10000000,1736089370960
915435432,707.31000000,0.10000000,1736089371176
915435433,707.31000000,0.00800000,1736089371396
915435434,707.31000000,0.00900000,1736089371396
915435435,707.31000000,0.08300000,1736089371396
915435436,707.31000000,0.10000000,1736089371620
915435437,707.31000000,0.00800000,1736089371696
915435438,707.31000000,0.00900000,1736089371696
915435439,707.30000000,0.00800000,1736089371840
915435440,707.30000000,0.00900000,1736089371840
915435441,707.29000000,0.00900000,1736089371840
915435442,707.29000000,0.00800000,1736089371840
915435443,707.29000000,0.02500000,1736089371840
915435444,707.29000000,0.00900000,1736089371840
915435445,707.28000000,0.00800000,1736089371840
915435446,707.28000000,0.02400000,1736089371840
915435447,707.28000000,0.00400000,1736089372071
915435448,707.28000000,0.00900000,1736089372071
915435449,707.28000000,0.00800000,1736089372071
915435450,707.28000000,0.07900000,1736089372071
915435451,707.28000000,0.10000000,1736089372294
915435452,707.28000000,0.02200000,1736089372517
915435453,707.28000000,0.00800000,1736089372517
915435454,707.28000000,0.00900000,1736089372517
915435455,707.28000000,0.06100000,1736089372517
915435456,707.28000000,0.00900000,1736089372741
915435457,707.28000000,0.00800000,1736089372741
915435458,707.28000000,0.02400000,1736089372741
915435459,707.28000000,0.05900000,1736089372741
915435460,707.28000000,0.10000000,1736089372956
915435461,707.28000000,0.10000000,1736089373186
915435462,707.28000000,0.06600000,1736089373400
915435463,707.28000000,0.03400000,1736089373400
915435464,707.28000000,0.10000000,1736089373626
915435465,707.28000000,0.10000000,1736089373848
915435466,707.28000000,0.00900000,1736089374068
915435467,707.28000000,0.00800000,1736089374068
915435468,707.28000000,0.02800000,1736089374068
915435469,707.28000000,0.04700000,1736089374068
915435470,707.28000000,0.00800000,1736089374068
915435471,707.28000000,0.02000000,1736089374245
915435472,707.28000000,0.01500000,1736089374285
915435473,707.28000000,0.00800000,1736089374285
915435474,707.28000000,0.00900000,1736089374285
915435475,707.27000000,0.00800000,1736089374285
915435476,707.27000000,0.01500000,1736089374285
915435477,707.27000000,0.00900000,1736089374285
915435478,707.26000000,0.00800000,1736089374285
915435479,707.26000000,0.00900000,1736089374285
915435480,707.26000000,0.01900000,1736089374285
915435481,707.26000000,0.00800000,1736089374512
915435482,707.26000000,0.00900000,1736089374512
915435483,707.26000000,0.08300000,1736089374512
915435484,707.26000000,0.10000000,1736089374730
915435485,707.26000000,0.10000000,1736089374948
915435486,707.26000000,0.04700000,1736089375130
915435487,707.26000000,0.10000000,1736089375181
915435488,707.27000000,0.00800000,1736089375405
915435489,707.26000000,0.10000000,1736089375416
915435490,707.26000000,0.10000000,1736089375630
915435491,707.26000000,0.10000000,1736089375852
915435492,707.26000000,0.10000000,1736089376076
915435493,707.26000000,0.10000000,1736089376300
915435494,707.26000000,0.10000000,1736089376529
915435495,707.26000000,0.01500000,1736089376745
915435496,707.26000000,0.10000000,1736089376751
915435497,707.26000000,0.10000000,1736089376976
915435498,707.26000000,0.10000000,1736089377199
915435499,707.26000000,0.10000000,1736089377416
915435500,707.26000000,0.10000000,1736089377647
915435501,707.26000000,0.10000000,1736089377869
915435502,707.26000000,0.10000000,1736089378096
915435503,707.26000000,0.10000000,1736089378313
915435504,707.26000000,0.10000000,1736089378524
915435505,707.27000000,0.00900000,1736089378626
915435506,707.27000000,0.00800000,1736089378626
915435507,707.27000000,0.02600000,1736089378626
915435508,707.27000000,0.02600000,1736089378626
915435509,707.27000000,0.00800000,1736089378626
915435510,707.28000000,0.00900000,1736089378626
915435511,707.28000000,0.00800000,1736089378626
915435512,707.28000000,0.26500000,1736089378626
915435513,707.29000000,0.00800000,1736089378626
915435514,707.29000000,0.00900000,1736089378626
915435515,707.29000000,0.70700000,1736089378626
915435516,707.30000000,0.00800000,1736089378626
915435517,707.30000000,0.00900000,1736089378626
915435518,707.31000000,0.00800000,1736089378629
915435519,707.31000000,0.00900000,1736089378629
915435520,707.32000000,0.00800000,1736089378629
915435521,707.33000000,0.00800000,1736089378649
915435522,707.33000000,0.70700000,1736089378649
915435523,707.33000000,0.00900000,1736089378649
915435524,707.34000000,0.00800000,1736089378649
915435525,707.34000000,0.00900000,1736089378649
915435526,707.35000000,0.00800000,1736089378649
915435527,707.35000000,0.00900000,1736089378649
915435528,707.36000000,0.00800000,1736089378649
915435529,707.36000000,0.08500000,1736089378649
915435530,707.36000000,0.56200000,1736089378649
915435531,707.36000000,0.14500000,1736089378650
915435532,707.36000000,0.00900000,1736089378650
915435533,707.37000000,0.23500000,1736089378650
915435534,707.37000000,0.01500000,1736089378650
915435535,707.37000000,0.00800000,1736089378650
915435536,707.37000000,0.00900000,1736089378650
915435537,707.38000000,0.00800000,1736089378650
915435538,707.40000000,0.01000000,1736089378650
915435539,707.40000000,0.01500000,1736089378650
915435540,707.40000000,0.25200000,1736089378650
915435541,707.40000000,0.70600000,1736089378650
915435542,707.39000000,0.10000000,1736089378754
915435543,707.39000000,0.00900000,1736089378784
915435544,707.39000000,0.10000000,1736089379105
915435545,707.39000000,0.10000000,1736089379337
915435546,707.40000000,0.04200000,1736089379444
915435547,707.40000000,0.38000000,1736089379444
915435548,707.39000000,0.10000000,1736089379559
915435549,707.39000000,0.13900000,1736089379571
915435550,707.39000000,0.10000000,1736089379787
915435551,707.39000000,0.10000000,1736089380012
915435552,707.39000000,0.00900000,1736089380246
915435553,707.39000000,0.09100000,1736089380246
915435554,707.40000000,0.01700000,1736089380305
915435555,707.40000000,0.02600000,1736089380359
915435556,707.40000000,0.08500000,1736089380360
915435557,707.39000000,0.10000000,1736089380465
915435558,707.39000000,0.10000000,1736089380706
915435559,707.39000000,0.10000000,1736089380921
915435560,707.39000000,0.10000000,1736089381139
915435561,707.39000000,0.10000000,1736089381353
915435562,707.40000000,0.21200000,1736089381433
915435563,707.39000000,0.10000000,1736089381589
915435564,707.39000000,0.10000000,1736089381806
915435565,707.39000000,0.10000000,1736089382037
915435566,707.39000000,0.10000000,1736089382266
915435567,707.39000000,0.00800000,1736089382491
915435568,707.39000000,0.02600000,1736089382491
915435569,707.39000000,0.00900000,1736089382491
915435570,707.39000000,0.05700000,1736089382491
915435571,707.39000000,0.00800000,1736089382708
915435572,707.39000000,0.00900000,1736089382708
915435573,707.38000000,0.00800000,1736089382708
915435574,707.37000000,0.00900000,1736089382708
915435575,707.37000000,0.00800000,1736089382708
915435576,707.36000000,0.00900000,1736089382708
915435577,707.36000000,0.00800000,1736089382708
915435578,707.35000000,0.00900000,1736089382708
915435579,707.35000000,0.00800000,1736089382708
915435580,707.34000000,0.00900000,1736089382708
915435581,707.34000000,0.00800000,1736089382708
915435582,707.33000000,0.10000000,1736089382717
915435583,707.34000000,0.01500000,1736089382847
915435584,707.33000000,0.10000000,1736089382952
915435585,707.34000000,0.00900000,1736089383061
915435586,707.33000000,0.10000000,1736089383172
915435587,707.33000000,0.02500000,1736089383392
915435588,707.33000000,0.07500000,1736089383392
915435589,707.33000000,0.10000000,1736089383608
915435590,707.34000000,0.00900000,1736089383689
915435591,707.34000000,0.00800000,1736089383689
915435592,707.34000000,0.13800000,1736089383689
915435593,707.33000000,0.10000000,1736089383822
915435594,707.33000000,0.10000000,1736089384045
915435595,707.33000000,0.10000000,1736089384264
915435596,707.33000000,0.10000000,1736089384487
915435597,707.33000000,0.10000000,1736089384704
915435598,707.33000000,0.05900000,1736089384767
915435599,707.33000000,0.10000000,1736089384923
915435600,707.34000000,0.06100000,1736089384990
915435601,707.33000000,0.10000000,1736089385205
915435602,707.33000000,0.10000000,1736089385418
915435603,707.34000000,0.00800000,1736089385492
915435604,707.34000000,0.06800000,1736089385522
915435605,707.33000000,0.06700000,1736089385622
915435606,707.33000000,0.10000000,1736089385640
915435607,707.33000000,0.10000000,1736089385856
915435608,707.33000000,0.10000000,1736089386087
915435609,707.33000000,0.10000000,1736089386327
915435610,707.34000000,0.04600000,1736089386605
915435611,707.33000000,0.10000000,1736089386629
915435612,707.33000000,0.10000000,1736089386847
915435613,707.33000000,0.10000000,1736089387075
915435614,707.34000000,0.01400000,1736089387076
915435615,707.33000000,0.00900000,1736089387231
915435616,707.33000000,0.10000000,1736089387290
915435617,707.33000000,0.10000000,1736089387506
915435618,707.34000000,0.12500000,1736089387647
915435619,707.33000000,0.00800000,1736089387734
915435620,707.33000000,0.00900000,1736089387734
915435621,707.33000000,0.08300000,1736089387734
915435622,707.33000000,0.00800000,1736089387956
915435623,707.33000000,0.00900000,1736089387956
915435624,707.33000000,0.08300000,1736089387956
915435625,707.33000000,0.10000000,1736089388185
915435626,707.33000000,0.10000000,1736089388395
915435627,707.33000000,0.10000000,1736089388613
915435628,707.33000000,0.10000000,1736089388830
915435629,707.33000000,0.10000000,1736089389057
915435630,707.33000000,0.03500000,1736089389273
915435631,707.33000000,0.00800000,1736089389273
915435632,707.33000000,0.00900000,1736089389273
915435633,707.33000000,0.01400000,1736089389273
915435634,707.33000000,0.03400000,1736089389273
915435635,707.33000000,0.00800000,1736089389487
915435636,707.33000000,0.00900000,1736089389487
915435637,707.33000000,0.08300000,1736089389487
915435638,707.33000000,0.10000000,1736089389710
915435639,707.33000000,0.10000000,1736089389930
915435640,707.33000000,0.07600000,1736089389935
915435641,707.33000000,0.05300000,1736089389935
915435642,707.33000000,0.00800000,1736089390197
915435643,707.33000000,0.00900000,1736089390197
915435644,707.33000000,0.08300000,1736089390197
915435645,707.33000000,0.10000000,1736089390411
915435646,707.33000000,0.00800000,1736089390661
915435647,707.33000000,0.00900000,1736089390661
915435648,707.33000000,0.08300000,1736089390661
915435649,707.33000000,0.10000000,1736089390874
915435650,707.33000000,0.01400000,1736089390983
915435651,707.33000000,0.00800000,1736089390993
915435652,707.33000000,0.10000000,1736089391099
915435653,707.33000000,0.10000000,1736089391318
915435654,707.33000000,0.10000000,1736089391526
915435655,707.33000000,0.10000000,1736089391748
915435656,707.33000000,0.10000000,1736089391969
915435657,707.33000000,0.10000000,1736089392181
915435658,707.33000000,0.00800000,1736089392403
915435659,707.33000000,0.00900000,1736089392403
915435660,707.32000000,0.00800000,1736089392403
915435661,707.32000000,0.00900000,1736089392403
915435662,707.31000000,0.01500000,1736089392403
915435663,707.31000000,0.00800000,1736089392403
915435664,707.31000000,0.00900000,1736089392403
915435665,707.30000000,0.00800000,1736089392403
915435666,707.30000000,0.02600000,1736089392403
915435667,707.30000000,0.10000000,1736089392626
915435668,707.30000000,0.10000000,1736089392839
915435669,707.30000000,0.10000000,1736089393055
915435670,707.30000000,0.10000000,1736089393280
915435671,707.30000000,0.10000000,1736089393506
915435672,707.30000000,0.10000000,1736089393716
915435673,707.31000000,0.01000000,1736089393803
915435674,707.30000000,0.10000000,1736089393944
915435675,707.30000000,0.03000000,1736089393946
915435676,707.30000000,0.10000000,1736089394158
915435677,707.31000000,1.06900000,1736089394160
915435678,707.30000000,0.10000000,1736089394380
915435679,707.30000000,0.02700000,1736089394506
915435680,707.30000000,0.01700000,1736089394612
915435681,707.30000000,0.00900000,1736089394612
915435682,707.30000000,0.00800000,1736089394612
915435683,707.30000000,0.06600000,1736089394612
915435684,707.30000000,0.10000000,1736089394830
915435685,707.30000000,0.10000000,1736089395050
915435686,707.31000000,0.00900000,1736089395191
915435687,707.31000000,0.00800000,1736089395191
915435688,707.31000000,0.02700000,1736089395191
915435689,707.31000000,0.04800000,1736089395191
915435690,707.30000000,0.07600000,1736089395268
915435691,707.30000000,0.02400000,1736089395268
915435692,707.30000000,0.10000000,1736089395491
915435693,707.30000000,0.10000000,1736089395721
915435694,707.30000000,0.10000000,1736089395943
915435695,707.30000000,0.10000000,1736089396167
915435696,707.30000000,0.10000000,1736089396394
915435697,707.30000000,0.09400000,1736089396618
915435698,707.30000000,0.00600000,1736089396618
915435699,707.30000000,0.01200000,1736089396721
915435700,707.30000000,0.10000000,1736089396833
915435701,707.30000000,0.10000000,1736089397070
915435702,707.30000000,0.01500000,1736089397078
915435703,707.30000000,0.10000000,1736089397286
915435704,707.30000000,0.10000000,1736089397498
915435705,707.30000000,0.10000000,1736089397710
915435706,707.30000000,0.10000000,1736089397930
915435707,707.30000000,0.10000000,1736089398150
915435708,707.30000000,0.10000000,1736089398384
915435709,707.30000000,0.10000000,1736089398599
915435710,707.30000000,0.06500000,1736089398820
915435711,707.30000000,0.00800000,1736089398820
915435712,707.30000000,0.00900000,1736089398820
915435713,707.30000000,0.01800000,1736089398820
915435714,707.30000000,0.00600000,1736089399047
915435715,707.30000000,0.09400000,1736089399047
915435716,707.31000000,0.08500000,1736089399081
915435717,707.30000000,0.10000000,1736089399269
915435718,707.30000000,0.10000000,1736089399492
915435719,707.30000000,0.10000000,1736089399720
915435720,707.30000000,0.10000000,1736089399953
915435721,707.31000000,0.00800000,1736089400135
915435722,707.31000000,0.00900000,1736089400135
915435723,707.31000000,0.02500000,1736089400135
915435724,707.31000000,0.03300000,1736089400135
915435725,707.31000000,0.07500000,1736089400135
915435726,707.30000000,0.10000000,1736089400174
915435727,707.30000000,0.10000000,1736089400384
915435728,707.30000000,0.10000000,1736089400606
915435729,707.30000000,3.92400000,1736089400704
915435730,707.30000000,0.34200000,1736089400704
915435731,707.30000000,0.00800000,1736089400704
915435732,707.30000000,0.00900000,1736089400704
915435733,707.30000000,2.56500000,1736089400704
915435734,707.30000000,0.73700000,1736089400704
915435735,707.30000000,1.90100000,1736089400704
915435736,707.30000000,2.56500000,1736089400704
915435737,707.30000000,2.91200000,1736089400704
915435738,707.30000000,0.56600000,1736089400704
915435739,707.30000000,0.04800000,1736089400704
915435740,707.30000000,4.58300000,1736089400704
915435741,707.30000000,0.02700000,1736089400704
915435742,707.30000000,0.61800000,1736089400704
915435743,707.29000000,0.00800000,1736089400823
915435744,707.29000000,0.00900000,1736089400823
915435745,707.29000000,0.00800000,1736089400823
915435746,707.29000000,0.07500000,1736089400823
915435747,707.29000000,0.10000000,1736089401059
915435748,707.29000000,0.10000000,1736089401306
915435749,707.29000000,0.10000000,1736089401525
915435750,707.29000000,0.10000000,1736089401740
915435751,707.29000000,0.10000000,1736089401954
915435752,707.29000000,0.10000000,1736089402207
915435753,707.29000000,0.10000000,1736089402424
915435754,707.29000000,0.10000000,1736089402636
915435755,707.30000000,0.01300000,1736089402735
915435756,707.29000000,0.10000000,1736089402856
915435757,707.29000000,0.10000000,1736089403072
915435758,707.29000000,0.10000000,1736089403288
915435759,707.29000000,0.01200000,1736089403339
915435760,707.30000000,0.01400000,1736089403509
915435761,707.29000000,0.10000000,1736089403514
915435762,707.29000000,0.10000000,1736089403729
915435763,707.29000000,0.10000000,1736089403955
915435764,707.29000000,0.10000000,1736089404179
915435765,707.29000000,0.10000000,1736089404389
915435766,707.29000000,0.10000000,1736089404609
