Trade ID,Price,Quantity,Time
4370288642,97910.92000000,0.00006000,1736089370045
4370288643,97910.92000000,0.00010000,1736089370045
4370288644,97910.92000000,0.00006000,1736089370045
4370288645,97910.92000000,0.00006000,1736089370045
4370288646,97910.92000000,0.00006000,1736089370045
4370288647,97910.92000000,0.00006000,1736089370045
4370288648,97910.92000000,0.00006000,1736089370045
4370288649,97910.92000000,0.00006000,1736089370045
4370288650,97910.92000000,0.00006000,1736089370045
4370288651,97910.92000000,0.00006000,1736089370045
4370288652,97910.92000000,0.00006000,1736089370045
4370288653,97910.91000000,0.02042000,1736089370045
4370288654,97910.91000000,0.00010000,1736089370045
4370288655,97910.91000000,0.00006000,1736089370045
4370288656,97910.91000000,0.00006000,1736089370045
4370288657,97910.91000000,0.00010000,1736089370045
4370288658,97910.89000000,0.00006000,1736089370045
4370288659,97910.89000000,0.00010000,1736089370045
4370288660,97910.89000000,0.00006000,1736089370045
4370288661,97910.89000000,0.00006000,1736089370045
4370288662,97910.89000000,0.00006000,1736089370045
4370288663,97910.89000000,0.00010000,1736089370045
4370288664,97910.89000000,0.00006000,1736089370045
4370288665,97910.89000000,0.00006000,1736089370045
4370288666,97910.89000000,0.00006000,1736089370045
4370288667,97910.89000000,0.00006000,1736089370045
4370288668,97910.89000000,0.00006000,1736089370045
4370288669,97910.89000000,0.00006000,1736089370045
4370288670,97910.89000000,0.00006000,1736089370045
4370288671,97910.89000000,0.00006000,1736089370045
4370288672,97910.88000000,0.00010000,1736089370045
4370288673,97910.88000000,0.00006000,1736089370045
4370288674,97910.88000000,0.00006000,1736089370045
4370288675,97910.88000000,0.00010000,1736089370045
4370288676,97910.86000000,0.00010000,1736089370045
4370288677,97910.86000000,0.00010000,1736089370045
4370288678,97910.62000000,0.00006000,1736089370045
4370288679,97910.62000000,0.00010000,1736089370045
4370288680,97910.62000000,0.00006000,1736089370045
4370288681,97910.62000000,0.00009000,1736089370045
4370288682,97910.62000000,0.00009000,1736089370045
4370288683,97910.62000000,0.00006000,1736089370045
4370288684,97910.62000000,0.00010000,1736089370045
4370288685,97910.62000000,0.00006000,1736089370045
4370288686,97910.62000000,0.00006000,1736089370045
4370288687,97910.62000000,0.00006000,1736089370045
4370288688,97910.62000000,0.00006000,1736089370045
4370288689,97910.62000000,0.00006000,1736089370045
4370288690,97910.62000000,0.00006000,1736089370045
4370288691,97910.62000000,0.00006000,1736089370045
4370288692,97910.62000000,0.00006000,1736089370045
4370288693,97910.62000000,0.00067000,1736089370160
4370288694,97910.62000000,0.00033000,1736089370189
4370288695,97910.61000000,0.00006000,1736089370372
4370288696,97910.61000000,0.00006000,1736089370372
4370288697,97910.61000000,0.00010000,1736089370372
4370288698,97910.61000000,0.00010000,1736089370372
4370288699,97910.48000000,0.00006000,1736089370372
4370288700,97910.48000000,0.00006000,1736089370372
4370288701,97910.48000000,0.00010000,1736089370372
4370288702,97910.48000000,0.00006000,1736089370372
4370288703,97910.48000000,0.00006000,1736089370372
4370288704,97910.48000000,0.00008000,1736089370372
4370288705,97910.48000000,0.00008000,1736089370372
4370288706,97910.48000000,0.00010000,1736089370372
4370288707,97910.48000000,0.00002000,1736089370372
4370288708,97910.49000000,0.00742000,1736089370438
4370288709,97910.48000000,0.00006000,1736089370637
4370288710,97910.48000000,0.00006000,1736089370637
4370288711,97910.48000000,0.00006000,1736089370637
4370288712,97910.48000000,0.00010000,1736089370637
4370288713,97910.48000000,0.00008000,1736089370637
4370288714,97910.48000000,0.00008000,1736089370637
4370288715,97910.48000000,0.00006000,1736089370637
4370288716,97910.48000000,0.00010000,1736089370637
4370288717,97910.48000000,0.00006000,1736089370637
4370288718,97910.48000000,0.00006000,1736089370637
4370288719,97910.48000000,0.00006000,1736089370637
4370288720,97910.48000000,0.00006000,1736089370637
4370288721,97910.48000000,0.00006000,1736089370637
4370288722,97910.48000000,0.00006000,1736089370637
4370288723,97910.48000000,0.00006000,1736089370637
4370288724,97910.48000000,0.00006000,1736089370637
4370288725,97910.48000000,0.00006000,1736089370637
4370288726,97910.47000000,0.00010000,1736089370637
4370288727,97910.47000000,0.00006000,1736089370637
4370288728,97910.47000000,0.00006000,1736089370637
4370288729,97910.47000000,0.10000000,1736089370637
4370288730,97910.47000000,0.00006000,1736089370637
4370288731,97910.47000000,0.00010000,1736089370637
4370288732,97910.47000000,0.00006000,1736089370637
4370288733,97910.47000000,0.00006000,1736089370637
4370288734,97910.47000000,0.00006000,1736089370637
4370288735,97910.47000000,0.00004000,1736089370637
4370288736,97910.47000000,0.00002000,1736089370638
4370288737,97910.47000000,0.00006000,1736089370638
4370288738,97910.47000000,0.00006000,1736089370638
4370288739,97910.47000000,0.00006000,1736089370638
4370288740,97910.47000000,0.00006000,1736089370638
4370288741,97910.47000000,0.00006000,1736089370638
4370288742,97910.46000000,0.00010000,1736089370638
4370288743,97910.46000000,0.00006000,1736089370638
4370288744,97910.46000000,0.00006000,1736089370638
4370288745,97910.46000000,0.00010000,1736089370638
4370288746,97910.38000000,0.00006000,1736089370638
4370288747,97910.38000000,0.00010000,1736089370638
4370288748,97910.38000000,0.00006000,1736089370638
4370288749,97910.38000000,0.00006000,1736089370638
4370288750,97910.38000000,0.00006000,1736089370638
4370288751,97910.38000000,0.00010000,1736089370638
4370288752,97910.38000000,0.00006000,1736089370638
4370288753,97910.38000000,0.00006000,1736089370638
4370288754,97910.38000000,0.00006000,1736089370638
4370288755,97910.38000000,0.00006000,1736089370638
4370288756,97910.38000000,0.00006000,1736089370638
4370288757,97910.38000000,0.00006000,1736089370638
4370288758,97910.38000000,0.00006000,1736089370638
4370288759,97910.38000000,0.00006000,1736089370638
4370288760,97910.37000000,0.00006000,1736089370638
4370288761,97910.37000000,0.00006000,1736089370638
4370288762,97910.37000000,0.00010000,1736089370638
4370288763,97910.37000000,0.00010000,1736089370638
4370288764,97909.42000000,0.00006000,1736089370645
4370288765,97909.42000000,0.00006000,1736089370645
4370288766,97909.39000000,0.00006000,1736089370650
4370288767,97909.39000000,0.00006000,1736089370650
4370288768,97909.39000000,0.00010000,1736089370650
4370288769,97909.39000000,0.00010000,1736089370650
4370288770,97909.10000000,0.00006000,1736089370681
4370288771,97909.10000000,0.00006000,1736089370681
4370288772,97909.10000000,0.00010000,1736089370681
4370288773,97909.10000000,0.00006000,1736089370681
4370288774,97909.10000000,0.00010000,1736089370681
4370288775,97909.04000000,0.00006000,1736089370681
4370288776,97909.04000000,0.00006000,1736089370681
4370288777,97909.04000000,0.00010000,1736089370681
4370288778,97909.04000000,0.00010000,1736089370681
4370288779,97909.03000000,0.00006000,1736089370681
4370288780,97909.03000000,0.00006000,1736089370681
4370288781,97909.03000000,0.00010000,1736089370681
4370288782,97909.03000000,0.00010000,1736089370681
4370288783,97909.02000000,0.00006000,1736089370681
4370288784,97909.02000000,0.00006000,1736089370681
4370288785,97909.02000000,0.00010000,1736089370681
4370288786,97909.02000000,0.00010000,1736089370681
4370288787,97908.97000000,0.00006000,1736089370681
4370288788,97908.97000000,0.00006000,1736089370681
4370288789,97908.97000000,0.00010000,1736089370681
4370288790,97908.97000000,0.00010000,1736089370681
4370288791,97908.96000000,0.00006000,1736089370681
4370288792,97908.96000000,0.00010000,1736089370681
4370288793,97908.96000000,0.00006000,1736089370681
4370288794,97908.96000000,0.00010000,1736089370681
4370288795,97908.95000000,0.00006000,1736089370681
4370288796,97908.95000000,0.00006000,1736089370681
4370288797,97908.95000000,0.00010000,1736089370681
4370288798,97908.95000000,0.00010000,1736089370681
4370288799,97908.94000000,0.00006000,1736089370681
4370288800,97908.94000000,0.00006000,1736089370681
4370288801,97908.94000000,0.00010000,1736089370681
4370288802,97908.94000000,0.00006000,1736089370681
4370288803,97908.94000000,0.00010000,1736089370681
4370288804,97908.85000000,0.00011000,1736089370681
4370288805,97908.85000000,0.00560000,1736089370681
4370288806,97908.85000000,0.00006000,1736089370681
4370288807,97908.85000000,0.00006000,1736089370681
4370288808,97908.85000000,0.00010000,1736089370681
4370288809,97908.85000000,0.00010000,1736089370681
4370288810,97908.78000000,0.00006000,1736089370681
4370288811,97908.78000000,0.00006000,1736089370681
4370288812,97908.78000000,0.00010000,1736089370681
4370288813,97908.78000000,0.00010000,1736089370681
4370288814,97908.75000000,0.00010000,1736089370681
4370288815,97908.75000000,0.00006000,1736089370681
4370288816,97908.75000000,0.00006000,1736089370681
4370288817,97908.75000000,0.00010000,1736089370681
4370288818,97908.56000000,0.00010000,1736089370681
4370288819,97908.56000000,0.00010000,1736089370681
4370288820,97908.56000000,0.00006000,1736089370681
4370288821,97908.56000000,0.00006000,1736089370681
4370288822,97908.56000000,0.00010000,1736089370681
4370288823,97908.42000000,0.00006000,1736089370681
4370288824,97908.42000000,0.00010000,1736089370681
4370288825,97908.42000000,0.00006000,1736089370681
4370288826,97908.42000000,0.00006000,1736089370681
4370288827,97908.42000000,0.00010000,1736089370681
4370288828,97908.38000000,0.00010000,1736089370681
4370288829,97908.38000000,0.00006000,1736089370681
4370288830,97908.38000000,0.00006000,1736089370681
4370288831,97908.38000000,0.00010000,1736089370681
4370288832,97908.37000000,0.00010000,1736089370681
4370288833,97908.37000000,0.00006000,1736089370681
4370288834,97908.37000000,0.00006000,1736089370681
4370288835,97908.37000000,0.00010000,1736089370681
4370288836,97908.21000000,0.00010000,1736089370681
4370288837,97908.21000000,0.00010000,1736089370681
4370288838,97907.44000000,0.00006000,1736089370681
4370288839,97907.44000000,0.00010000,1736089370681
4370288840,97907.44000000,0.00010000,1736089370681
4370288841,97905.60000000,0.00006000,1736089370681
4370288842,97905.60000000,0.00010000,1736089370681
4370288843,97905.60000000,0.00006000,1736089370681
4370288844,97905.60000000,0.00010000,1736089370681
4370288845,97905.60000000,0.00006000,1736089370681
4370288846,97905.60000000,0.00006000,1736089370681
4370288847,97905.60000000,0.00006000,1736089370681
4370288848,97905.60000000,0.00006000,1736089370681
4370288849,97905.60000000,0.00006000,1736089370681
4370288850,97905.60000000,0.00006000,1736089370681
4370288851,97905.60000000,0.00006000,1736089370681
4370288852,97905.60000000,0.00006000,1736089370681
4370288853,97905.60000000,0.00006000,1736089370681
4370288854,97905.60000000,0.00101000,1736089371415
4370288855,97905.59000000,0.00093000,1736089373298
4370288856,97905.59000000,0.00017000,1736089373919
4370288857,97905.59000000,0.00200000,1736089374527
4370288858,97905.60000000,0.00311000,1736089375183
4370288859,97905.59000000,0.00014000,1736089375702
4370288860,97905.59000000,0.00099000,1736089376205
4370288861,97905.59000000,0.00773000,1736089377131
4370288862,97905.59000000,0.00006000,1736089377131
4370288863,97905.59000000,0.00010000,1736089377131
4370288864,97905.59000000,0.00006000,1736089377131
4370288865,97905.59000000,0.00205000,1736089377131
4370288866,97905.60000000,0.00068000,1736089377198
4370288867,97905.59000000,0.00112000,1736089377386
4370288868,97905.59000000,0.00013000,1736089377413
4370288869,97905.59000000,0.00295000,1736089378601
4370288870,97905.59000000,0.00790000,1736089378601
4370288871,97905.59000000,0.00536000,1736089378601
4370288872,97905.59000000,0.09105000,1736089378601
4370288873,97905.60000000,0.04369000,1736089378624
4370288874,97905.60000000,0.03575000,1736089378625
4370288875,97905.60000000,0.20934000,1736089378625
4370288876,97905.60000000,0.26973000,1736089378625
4370288877,97905.60000000,0.60000000,1736089378625
4370288878,97905.60000000,0.17270000,1736089378625
4370288879,97905.60000000,0.05776000,1736089378625
4370288880,97905.60000000,0.74167000,1736089378625
4370288881,97905.60000000,0.06525000,1736089378625
4370288882,97905.60000000,0.00006000,1736089378625
4370288883,97905.60000000,0.00006000,1736089378625
4370288884,97905.60000000,0.32651000,1736089378625
4370288885,97905.60000000,0.00010000,1736089378625
4370288886,97905.60000000,0.00641000,1736089378625
4370288887,97905.60000000,0.00651000,1736089378625
4370288888,97905.60000000,0.00656000,1736089378625
4370288889,97905.60000000,0.00031000,1736089378625
4370288890,97905.60000000,0.00031000,1736089378625
4370288891,97905.60000000,0.00006000,1736089378625
4370288892,97905.60000000,0.43479000,1736089378625
4370288893,97905.60000000,0.00032000,1736089378625
4370288894,97905.60000000,0.18098000,1736089378625
4370288895,97905.60000000,0.00291000,1736089378625
4370288896,97905.60000000,0.04000000,1736089378625
4370288897,97905.60000000,0.00017000,1736089378625
4370288898,97905.60000000,0.00006000,1736089378625
4370288899,97905.60000000,0.10719000,1736089378625
4370288900,97905.60000000,0.03060000,1736089378625
4370288901,97905.60000000,0.01707000,1736089378625
4370288902,97905.60000000,0.03998000,1736089378625
4370288903,97905.60000000,0.02043000,1736089378625
4370288904,97905.60000000,0.02042000,1736089378625
4370288905,97905.60000000,0.00200000,1736089378625
4370288906,97905.60000000,0.00200000,1736089378625
4370288907,97905.60000000,0.00200000,1736089378625
4370288908,97905.60000000,0.00200000,1736089378625
4370288909,97905.60000000,0.00140000,1736089378625
4370288910,97905.60000000,0.07660000,1736089378625
4370288911,97905.60000000,0.07660000,1736089378625
4370288912,97905.60000000,0.07660000,1736089378625
4370288913,97905.60000000,0.30523000,1736089378625
4370288914,97905.60000000,0.00010000,1736089378625
4370288915,97905.61000000,0.00010000,1736089378625
4370288916,97905.61000000,0.00006000,1736089378625
4370288917,97905.61000000,0.00006000,1736089378625
4370288918,97905.61000000,0.00010000,1736089378625
4370288919,97905.62000000,0.00006000,1736089378625
4370288920,97905.62000000,0.00006000,1736089378625
4370288921,97905.62000000,0.00010000,1736089378625
4370288922,97905.62000000,0.00010000,1736089378625
4370288923,97905.79000000,0.00006000,1736089378625
4370288924,97905.79000000,0.00010000,1736089378625
4370288925,97905.79000000,0.00006000,1736089378625
4370288926,97905.79000000,0.00010000,1736089378625
4370288927,97906.34000000,0.00010000,1736089378625
4370288928,97906.34000000,0.00006000,1736089378625
4370288929,97906.34000000,0.00006000,1736089378625
4370288930,97906.34000000,0.00006000,1736089378625
4370288931,97906.34000000,0.00010000,1736089378625
4370288932,97906.40000000,0.00010000,1736089378625
4370288933,97906.40000000,0.00006000,1736089378625
4370288934,97906.40000000,0.00006000,1736089378625
4370288935,97906.40000000,0.00010000,1736089378625
4370288936,97906.53000000,0.00006000,1736089378625
4370288937,97906.53000000,0.00010000,1736089378625
4370288938,97906.53000000,0.00006000,1736089378625
4370288939,97906.53000000,0.00006000,1736089378625
4370288940,97906.53000000,0.00010000,1736089378625
4370288941,97906.61000000,0.00010000,1736089378625
4370288942,97906.61000000,0.00006000,1736089378625
4370288943,97906.61000000,0.00006000,1736089378625
4370288944,97906.61000000,0.00010000,1736089378625
4370288945,97907.43000000,0.00010000,1736089378625
4370288946,97907.43000000,0.00006000,1736089378625
4370288947,97907.43000000,0.00006000,1736089378625
4370288948,97907.43000000,0.00010000,1736089378625
4370288949,97907.45000000,0.00010000,1736089378625
4370288950,97907.45000000,0.00006000,1736089378625
4370288951,97907.45000000,0.00006000,1736089378625
4370288952,97907.45000000,0.00010000,1736089378625
4370288953,97907.90000000,0.00010000,1736089378625
4370288954,97907.90000000,0.00006000,1736089378625
4370288955,97907.90000000,0.00006000,1736089378625
4370288956,97907.90000000,0.00010000,1736089378625
4370288957,97908.00000000,0.00010000,1736089378625
4370288958,97908.00000000,0.00006000,1736089378625
4370288959,97908.00000000,0.00006000,1736089378625
4370288960,97908.00000000,0.00010000,1736089378625
4370288961,97908.22000000,0.00010000,1736089378625
4370288962,97908.22000000,0.00006000,1736089378625
4370288963,97908.22000000,0.00006000,1736089378625
4370288964,97908.22000000,0.00010000,1736089378625
4370288965,97908.38000000,0.00010000,1736089378625
4370288966,97908.38000000,0.00006000,1736089378625
4370288967,97908.38000000,0.00006000,1736089378625
4370288968,97908.38000000,0.00010000,1736089378625
4370288969,97908.39000000,0.00010000,1736089378625
4370288970,97908.39000000,0.00006000,1736089378625
4370288971,97908.39000000,0.00006000,1736089378625
4370288972,97908.39000000,0.00010000,1736089378625
4370288973,97908.41000000,0.00010000,1736089378625
4370288974,97908.41000000,0.00010000,1736089378625
4370288975,97908.43000000,0.00010000,1736089378625
4370288976,97908.43000000,0.00010000,1736089378625
4370288977,97908.57000000,0.00010000,1736089378627
4370288978,97908.57000000,0.00010000,1736089378627
4370288979,97908.76000000,0.00010000,1736089378627
4370288980,97908.76000000,0.00010000,1736089378627
4370288981,97908.85000000,0.00011000,1736089378627
4370288982,97908.85000000,0.00006000,1736089378627
4370288983,97909.00000000,0.00006000,1736089378627
4370288984,97909.10000000,0.00019000,1736089378627
4370288985,97909.11000000,0.49500000,1736089378627
4370288986,97909.43000000,0.00006000,1736089378627
4370288987,97909.78000000,0.01012000,1736089378627
4370288988,97910.16000000,0.01509000,1736089378627
4370288989,97910.49000000,0.14224000,1736089378627
4370288990,97910.62000000,0.00006000,1736089378627
4370288991,97911.23000000,0.01021000,1736089378627
4370288992,97911.82000000,0.19762000,1736089378627
4370288993,97912.00000000,0.49500000,1736089378627
4370288994,97912.01000000,0.00100000,1736089378627
4370288995,97912.14000000,0.00020000,1736089378627
4370288996,97912.19000000,0.18388000,1736089378627
4370288997,97912.32000000,0.00008000,1736089378627
4370288998,97913.63000000,0.00410000,1736089378627
4370288999,97913.72000000,0.09726000,1736089378627
4370289000,97914.85000000,0.18387000,1736089378627
4370289001,97915.52000000,0.01522000,1736089378627
4370289002,97915.77000000,0.00006000,1736089378627
4370289003,97915.91000000,0.00011000,1736089378627
4370289004,97916.00000000,0.00400000,1736089378627
4370289005,97916.00000000,0.00300000,1736089378627
4370289006,97916.00000000,0.00200000,1736089378627
4370289007,97916.00000000,0.00010000,1736089378627
4370289008,97916.58000000,0.08000000,1736089378627
4370289009,97912.01000000,0.00006000,1736089378650
4370289010,97912.01000000,0.00006000,1736089378650
4370289011,97912.32000000,0.00010000,1736089378650
4370289012,97912.32000000,0.00010000,1736089378650
4370289013,97912.93000000,0.00006000,1736089378650
4370289014,97912.93000000,0.00006000,1736089378650
4370289015,97912.93000000,0.00006000,1736089378650
4370289016,97912.93000000,0.00006000,1736089378650
4370289017,97912.93000000,0.00006000,1736089378650
4370289018,97912.93000000,0.00006000,1736089378650
4370289019,97912.93000000,0.00006000,1736089378650
4370289020,97912.93000000,0.00006000,1736089378650
4370289021,97912.93000000,0.00006000,1736089378650
4370289022,97912.93000000,0.00006000,1736089378650
4370289023,97912.94000000,0.00006000,1736089378650
4370289024,97912.94000000,0.00006000,1736089378650
4370289025,97912.94000000,0.00006000,1736089378650
4370289026,97912.94000000,0.00006000,1736089378650
4370289027,97912.94000000,0.00006000,1736089378650
4370289028,97912.94000000,0.00006000,1736089378650
4370289029,97912.94000000,0.00006000,1736089378650
4370289030,97912.94000000,0.00006000,1736089378650
4370289031,97912.94000000,0.00006000,1736089378650
4370289032,97912.94000000,0.00006000,1736089378650
4370289033,97914.85000000,0.00006000,1736089378650
4370289034,97914.85000000,0.02396000,1736089378650
4370289035,97914.85000000,0.17894000,1736089378655
4370289036,97914.85000000,0.07660000,1736089378655
4370289037,97915.91000000,0.00006000,1736089378655
4370289038,97916.00000000,0.00006000,1736089378655
4370289039,97917.05000000,0.01682000,1736089378655
4370289040,97917.06000000,0.00666000,1736089378655
4370289041,97917.06000000,0.00006000,1736089378655
4370289042,97917.06000000,0.04102000,1736089378655
4370289043,97917.06000000,0.01082000,1736089378655
4370289044,97917.06000000,0.08297000,1736089378655
4370289045,97917.06000000,0.00006000,1736089378740
4370289046,97917.06000000,0.00006000,1736089378740
4370289047,97917.06000000,0.00010000,1736089378740
4370289048,97917.06000000,0.00006000,1736089378740
4370289049,97917.06000000,0.00071000,1736089378740
4370289050,97917.06000000,0.00010000,1736089379121
4370289051,97917.06000000,0.00006000,1736089379121
4370289052,97917.06000000,0.00006000,1736089379121
4370289053,97917.06000000,0.00006000,1736089379121
4370289054,97917.06000000,0.00006000,1736089379121
4370289055,97917.06000000,0.00010000,1736089379121
4370289056,97917.06000000,0.00010000,1736089379121
4370289057,97917.06000000,0.00030000,1736089379121
4370289058,97917.05000000,0.00006000,1736089379294
4370289059,97917.06000000,0.00561000,1736089380034
4370289060,97917.06000000,0.00294000,1736089380034
4370289061,97917.06000000,0.00043000,1736089380229
4370289062,97917.06000000,0.00019000,1736089381254
4370289063,97917.06000000,0.00182000,1736089382381
4370289064,97917.06000000,0.00768000,1736089382875
4370289065,97917.06000000,0.00017000,1736089382986
4370289066,97917.06000000,0.03677000,1736089383086
4370289067,97917.06000000,0.00310000,1736089383416
4370289068,97917.06000000,0.02525000,1736089383418
4370289069,97917.06000000,0.01374000,1736089383418
4370289070,97917.06000000,0.01374000,1736089383418
4370289071,97917.06000000,0.01374000,1736089383418
4370289072,97917.06000000,0.02524000,1736089383420
4370289073,97917.05000000,0.00041000,1736089383454
4370289074,97917.05000000,0.00112000,1736089383484
4370289075,97917.05000000,0.00112000,1736089383485
4370289076,97917.05000000,0.00147000,1736089383693
4370289077,97917.06000000,0.00009000,1736089383780
4370289078,97917.06000000,0.00006000,1736089383780
4370289079,97917.06000000,0.00395000,1736089383780
4370289080,97917.06000000,0.01000000,1736089383865
4370289081,97917.06000000,0.00323000,1736089384170
4370289082,97917.06000000,0.00048000,1736089384279
4370289083,97917.06000000,0.00200000,1736089384351
4370289084,97917.05000000,0.00017000,1736089384418
4370289085,97917.05000000,0.00222000,1736089384463
4370289086,97917.05000000,0.00648000,1736089384463
4370289087,97917.05000000,0.00650000,1736089384463
4370289088,97917.05000000,0.00008000,1736089384463
4370289089,97917.05000000,0.00028000,1736089384463
4370289090,97917.05000000,0.00153000,1736089384463
4370289091,97917.05000000,0.00102000,1736089384463
4370289092,97917.05000000,0.00189000,1736089384463
4370289093,97917.06000000,0.28160000,1736089384477
4370289094,97917.06000000,0.26633000,1736089384477
4370289095,97917.06000000,0.00020000,1736089384780
4370289096,97917.05000000,0.00019000,1736089384988
4370289097,97917.05000000,0.00026000,1736089385022
4370289098,97917.06000000,0.01827000,1736089386300
4370289099,97917.05000000,0.00052000,1736089386383
4370289100,97917.05000000,0.00110000,1736089386794
4370289101,97917.05000000,0.00088000,1736089387529
4370289102,97917.05000000,0.09288000,1736089387611
4370289103,97917.05000000,0.00228000,1736089387612
4370289104,97917.05000000,0.00010000,1736089387612
4370289105,97917.05000000,0.00121000,1736089387612
4370289106,97917.05000000,0.00044000,1736089387612
4370289107,97917.05000000,0.00084000,1736089387612
4370289108,97917.05000000,0.00007000,1736089387612
4370289109,97917.05000000,0.00018000,1736089387612
4370289110,97917.05000000,0.00010000,1736089387612
4370289111,97916.96000000,0.01137000,1736089387612
4370289112,97916.96000000,0.00010000,1736089387612
4370289113,97916.96000000,0.00010000,1736089387612
4370289114,97916.68000000,0.00006000,1736089387612
4370289115,97916.68000000,0.00010000,1736089387612
4370289116,97916.68000000,0.00006000,1736089387612
4370289117,97916.68000000,0.00010000,1736089387612
4370289118,97916.68000000,0.00006000,1736089387612
4370289119,97916.68000000,0.00006000,1736089387612
4370289120,97916.68000000,0.00006000,1736089387612
4370289121,97916.68000000,0.00006000,1736089387612
4370289122,97916.68000000,0.00006000,1736089387612
4370289123,97916.68000000,0.00006000,1736089387612
4370289124,97916.68000000,0.00006000,1736089387612
4370289125,97916.68000000,0.00006000,1736089387612
4370289126,97916.67000000,0.00010000,1736089387612
4370289127,97916.67000000,0.00010000,1736089387612
4370289128,97916.64000000,0.00010000,1736089387612
4370289129,97916.64000000,0.00006000,1736089387612
4370289130,97916.64000000,0.00010000,1736089387612
4370289131,97916.64000000,0.00006000,1736089387612
4370289132,97916.64000000,0.00006000,1736089387612
4370289133,97916.64000000,0.00006000,1736089387612
4370289134,97916.64000000,0.00006000,1736089387612
4370289135,97916.64000000,0.00006000,1736089387612
4370289136,97916.64000000,0.00006000,1736089387612
4370289137,97916.64000000,0.00006000,1736089387612
4370289138,97916.64000000,0.00006000,1736089387612
4370289139,97916.64000000,0.00006000,1736089387612
4370289140,97916.63000000,0.00010000,1736089387612
4370289141,97916.63000000,0.01266000,1736089387612
4370289142,97916.63000000,0.01446000,1736089387612
4370289143,97916.63000000,0.00010000,1736089387612
4370289144,97916.62000000,0.00010000,1736089387612
4370289145,97916.62000000,0.00010000,1736089387612
4370289146,97916.61000000,0.00010000,1736089387612
4370289147,97916.61000000,0.00010000,1736089387612
4370289148,97916.60000000,0.00010000,1736089387612
4370289149,97916.60000000,0.00010000,1736089387612
4370289150,97916.59000000,0.00010000,1736089387612
4370289151,97916.59000000,0.00010000,1736089387612
4370289152,97916.58000000,0.00010000,1736089387612
4370289153,97916.58000000,0.00010000,1736089387612
4370289154,97916.57000000,0.00010000,1736089387612
4370289155,97916.57000000,0.00010000,1736089387612
4370289156,97916.45000000,0.00010000,1736089387613
4370289157,97916.45000000,0.00010000,1736089387613
4370289158,97916.41000000,0.00010000,1736089387613
4370289159,97916.41000000,0.00010000,1736089387613
4370289160,97916.40000000,0.00010000,1736089387613
4370289161,97916.40000000,0.00010000,1736089387613
4370289162,97916.21000000,0.00010000,1736089387613
4370289163,97916.21000000,0.00010000,1736089387613
4370289164,97915.90000000,0.00010000,1736089387613
4370289165,97915.90000000,0.00010000,1736089387613
4370289166,97915.58000000,0.00010000,1736089387615
4370289167,97915.58000000,0.00010000,1736089387615
4370289168,97915.44000000,0.00010000,1736089387615
4370289169,97915.44000000,0.00010000,1736089387615
4370289170,97913.68000000,0.01000000,1736089387615
4370289171,97913.48000000,0.01021000,1736089387615
4370289172,97913.35000000,0.00006000,1736089387615
4370289173,97912.93000000,0.00527000,1736089387620
4370289174,97912.93000000,0.00010000,1736089387620
4370289175,97912.93000000,0.00010000,1736089387620
4370289176,97912.32000000,0.00010000,1736089387620
4370289177,97912.32000000,0.00010000,1736089387620
4370289178,97911.02000000,0.00006000,1736089387620
4370289179,97911.02000000,0.00006000,1736089387620
4370289180,97911.02000000,0.00006000,1736089387620
4370289181,97911.02000000,0.00006000,1736089387620
4370289182,97911.02000000,0.00006000,1736089387620
4370289183,97911.02000000,0.00006000,1736089387620
4370289184,97911.02000000,0.00006000,1736089387620
4370289185,97911.02000000,0.00006000,1736089387620
4370289186,97911.02000000,0.00006000,1736089387620
4370289187,97911.02000000,0.00006000,1736089387620
4370289188,97911.02000000,0.00006000,1736089387620
4370289189,97911.02000000,0.00006000,1736089387620
4370289190,97911.02000000,0.00006000,1736089387620
4370289191,97911.02000000,0.00006000,1736089387620
4370289192,97911.02000000,0.00006000,1736089387620
4370289193,97911.02000000,0.00006000,1736089387620
4370289194,97911.02000000,0.00006000,1736089387620
4370289195,97911.02000000,0.00006000,1736089387620
4370289196,97911.02000000,0.00006000,1736089387620
4370289197,97911.02000000,0.00006000,1736089387620
4370289198,97911.02000000,0.00006000,1736089387620
4370289199,97911.02000000,0.00006000,1736089387620
4370289200,97911.02000000,0.00006000,1736089387620
4370289201,97911.02000000,0.00006000,1736089387620
4370289202,97911.02000000,0.00006000,1736089387620
4370289203,97911.02000000,0.00006000,1736089387620
4370289204,97911.02000000,0.00006000,1736089387620
4370289205,97911.02000000,0.00006000,1736089387620
4370289206,97911.02000000,0.00006000,1736089387620
4370289207,97911.02000000,0.00006000,1736089387620
4370289208,97911.02000000,0.00006000,1736089387620
4370289209,97911.02000000,0.00006000,1736089387620
4370289210,97911.02000000,0.00006000,1736089387620
4370289211,97911.02000000,0.00006000,1736089387620
4370289212,97911.02000000,0.00006000,1736089387620
4370289213,97911.02000000,0.00006000,1736089387620
4370289214,97911.02000000,0.00006000,1736089387620
4370289215,97911.02000000,0.00006000,1736089387620
4370289216,97911.02000000,0.00006000,1736089387620
4370289217,97911.02000000,0.00006000,1736089387620
4370289218,97911.01000000,0.00010000,1736089387620
4370289219,97911.01000000,0.00010000,1736089387620
4370289220,97910.89000000,0.00006000,1736089387620
4370289221,97910.89000000,0.00010000,1736089387620
4370289222,97910.89000000,0.00010000,1736089387620
4370289223,97910.82000000,0.00006000,1736089387620
4370289224,97910.82000000,0.00006000,1736089387620
4370289225,97910.82000000,0.00006000,1736089387620
4370289226,97910.82000000,0.00006000,1736089387620
4370289227,97910.82000000,0.00006000,1736089387620
4370289228,97910.82000000,0.00006000,1736089387620
4370289229,97910.82000000,0.00006000,1736089387620
4370289230,97910.82000000,0.00006000,1736089387620
4370289231,97910.82000000,0.00006000,1736089387620
4370289232,97910.82000000,0.00006000,1736089387620
4370289233,97910.40000000,0.00010000,1736089387650
4370289234,97910.40000000,0.00006000,1736089387650
4370289235,97910.40000000,0.00006000,1736089387650
4370289236,97910.40000000,0.00006000,1736089387650
4370289237,97910.40000000,0.00006000,1736089387650
4370289238,97910.40000000,0.00010000,1736089387650
4370289239,97910.40000000,0.00006000,1736089387650
4370289240,97910.40000000,0.00006000,1736089387650
4370289241,97910.40000000,0.00006000,1736089387650
4370289242,97910.40000000,0.00006000,1736089387650
4370289243,97910.40000000,0.00006000,1736089387650
4370289244,97910.40000000,0.00006000,1736089387650
4370289245,97910.40000000,0.00006000,1736089387650
4370289246,97910.40000000,0.00006000,1736089387650
4370289247,97910.40000000,0.00006000,1736089387650
4370289248,97910.40000000,0.00006000,1736089387650
4370289249,97910.40000000,0.00006000,1736089387650
4370289250,97910.40000000,0.00006000,1736089387650
4370289251,97910.40000000,0.00006000,1736089387650
4370289252,97910.40000000,0.00006000,1736089387650
4370289253,97910.40000000,0.00006000,1736089387650
4370289254,97910.40000000,0.00006000,1736089387650
4370289255,97910.40000000,0.00006000,1736089387650
4370289256,97910.40000000,0.00006000,1736089387650
4370289257,97910.40000000,0.00006000,1736089387650
4370289258,97910.40000000,0.00006000,1736089387650
4370289259,97910.40000000,0.00006000,1736089387650
4370289260,97910.40000000,0.00006000,1736089387650
4370289261,97910.40000000,0.00006000,1736089387650
4370289262,97910.40000000,0.00006000,1736089387650
4370289263,97910.40000000,0.00006000,1736089387650
4370289264,97910.40000000,0.00006000,1736089387650
4370289265,97910.40000000,0.00006000,1736089387650
4370289266,97910.40000000,0.00006000,1736089387650
4370289267,97910.40000000,0.00006000,1736089387650
4370289268,97910.40000000,0.00006000,1736089387650
4370289269,97910.40000000,0.00006000,1736089387650
4370289270,97910.40000000,0.00006000,1736089387650
4370289271,97910.40000000,0.00006000,1736089387650
4370289272,97910.40000000,0.00006000,1736089387650
4370289273,97910.40000000,0.00006000,1736089387650
4370289274,97910.40000000,0.00006000,1736089387650
4370289275,97910.39000000,0.00010000,1736089387650
4370289276,97910.39000000,0.00010000,1736089387650
4370289277,97910.37000000,0.00006000,1736089387650
4370289278,97910.37000000,0.00010000,1736089387650
4370289279,97910.37000000,0.00010000,1736089387650
4370289280,97909.09000000,0.00694000,1736089387650
4370289281,97909.09000000,0.02650000,1736089387735
4370289282,97909.10000000,0.00010000,1736089388986
4370289283,97909.10000000,0.00014000,1736089388986
4370289284,97909.09000000,0.01268000,1736089389106
4370289285,97909.09000000,0.00010000,1736089389106
4370289286,97909.09000000,0.01021000,1736089389106
4370289287,97909.09000000,0.01000000,1736089389106
4370289288,97909.09000000,0.00031000,1736089389106
4370289289,97909.09000000,0.00010000,1736089389106
4370289290,97908.94000000,0.00010000,1736089389106
4370289291,97908.94000000,0.00010000,1736089389106
4370289292,97908.85000000,0.00011000,1736089389106
4370289293,97908.85000000,0.00010000,1736089389106
4370289294,97908.85000000,0.00010000,1736089389106
4370289295,97908.59000000,0.00006000,1736089389106
4370289296,97908.59000000,0.00010000,1736089389106
4370289297,97908.59000000,0.00010000,1736089389106
4370289298,97908.44000000,0.00010000,1736089389106
4370289299,97908.44000000,0.00010000,1736089389106
4370289300,97908.43000000,0.00010000,1736089389106
4370289301,97908.43000000,0.00010000,1736089389106
4370289302,97908.42000000,0.00010000,1736089389106
4370289303,97908.42000000,0.00010000,1736089389106
4370289304,97908.41000000,0.00010000,1736089389106
4370289305,97908.41000000,0.00010000,1736089389106
4370289306,97908.40000000,0.00010000,1736089389106
4370289307,97908.40000000,0.00010000,1736089389106
4370289308,97908.17000000,0.00006000,1736089389106
4370289309,97908.17000000,0.00010000,1736089389106
4370289310,97908.17000000,0.00010000,1736089389106
4370289311,97908.02000000,0.00011000,1736089389106
4370289312,97908.02000000,0.00010000,1736089389106
4370289313,97908.02000000,0.00010000,1736089389106
4370289314,97908.01000000,0.00010000,1736089389106
4370289315,97908.01000000,0.00010000,1736089389106
4370289316,97908.00000000,0.00010000,1736089389106
4370289317,97908.00000000,0.00010000,1736089389106
4370289318,97907.84000000,0.00010000,1736089389106
4370289319,97907.84000000,0.00010000,1736089389106
4370289320,97907.83000000,0.00010000,1736089389106
4370289321,97907.83000000,0.00010000,1736089389106
4370289322,97907.82000000,0.00010000,1736089389106
4370289323,97907.82000000,0.00010000,1736089389106
4370289324,97907.81000000,0.00010000,1736089389106
4370289325,97907.81000000,0.00010000,1736089389106
4370289326,97907.80000000,0.00010000,1736089389106
4370289327,97907.80000000,0.00010000,1736089389106
4370289328,97907.44000000,0.00006000,1736089389106
4370289329,97907.44000000,0.00010000,1736089389106
4370289330,97907.44000000,0.00010000,1736089389106
4370289331,97907.07000000,0.05110000,1736089389106
4370289332,97906.48000000,0.00006000,1736089389825
4370289333,97906.48000000,0.00010000,1736089389825
4370289334,97906.48000000,0.00006000,1736089389825
4370289335,97906.48000000,0.00032000,1736089389825
4370289336,97906.48000000,0.05110000,1736089389825
4370289337,97906.48000000,0.00007000,1736089389825
4370289338,97906.48000000,0.00007000,1736089389825
4370289339,97906.48000000,0.00006000,1736089389825
4370289340,97906.48000000,0.00006000,1736089389825
4370289341,97906.48000000,0.00010000,1736089389825
4370289342,97906.48000000,0.00006000,1736089389825
4370289343,97906.48000000,0.00006000,1736089389825
4370289344,97906.48000000,0.00006000,1736089389825
4370289345,97906.48000000,0.00006000,1736089389825
4370289346,97906.48000000,0.00006000,1736089389825
4370289347,97906.48000000,0.00006000,1736089389825
4370289348,97906.48000000,0.00006000,1736089389825
4370289349,97906.48000000,0.00006000,1736089389825
4370289350,97906.48000000,0.00006000,1736089389825
4370289351,97906.48000000,0.00006000,1736089389825
4370289352,97906.48000000,0.00006000,1736089389825
4370289353,97906.48000000,0.00006000,1736089389825
4370289354,97906.48000000,0.00006000,1736089389825
4370289355,97906.48000000,0.00006000,1736089389825
4370289356,97906.48000000,0.00006000,1736089389825
4370289357,97906.48000000,0.00006000,1736089389825
4370289358,97906.48000000,0.00006000,1736089389825
4370289359,97906.47000000,0.00010000,1736089389825
4370289360,97906.47000000,0.00007000,1736089389825
4370289361,97906.47000000,0.00007000,1736089389825
4370289362,97906.47000000,0.00006000,1736089389825
4370289363,97906.47000000,0.00010000,1736089389825
4370289364,97906.47000000,0.00006000,1736089389825
4370289365,97906.47000000,0.00006000,1736089389825
4370289366,97906.47000000,0.00006000,1736089389825
4370289367,97906.47000000,0.00006000,1736089389825
4370289368,97906.47000000,0.00006000,1736089389825
4370289369,97906.47000000,0.00006000,1736089389825
4370289370,97906.47000000,0.00006000,1736089389825
4370289371,97906.47000000,0.00006000,1736089389825
4370289372,97906.47000000,0.00006000,1736089389825
4370289373,97906.46000000,0.00010000,1736089389898
4370289374,97906.46000000,0.00010000,1736089389898
4370289375,97905.92000000,0.00010000,1736089389905
4370289376,97905.92000000,0.00006000,1736089389905
4370289377,97905.92000000,0.00010000,1736089389905
4370289378,97905.92000000,0.00006000,1736089389905
4370289379,97905.92000000,0.00006000,1736089389905
4370289380,97905.92000000,0.00006000,1736089389905
4370289381,97905.92000000,0.00006000,1736089389905
4370289382,97905.92000000,0.00006000,1736089389905
4370289383,97905.92000000,0.00006000,1736089389905
4370289384,97905.92000000,0.00006000,1736089389905
4370289385,97905.92000000,0.00006000,1736089389905
4370289386,97905.92000000,0.00006000,1736089389905
4370289387,97905.91000000,0.00010000,1736089389905
4370289388,97905.91000000,0.00010000,1736089389905
4370289389,97905.60000000,0.00010000,1736089389909
4370289390,97905.60000000,0.00006000,1736089389909
4370289391,97905.60000000,0.00006000,1736089389909
4370289392,97905.60000000,0.00010000,1736089389909
4370289393,97905.60000000,0.00006000,1736089389909
4370289394,97905.60000000,0.00006000,1736089389909
4370289395,97905.60000000,0.00006000,1736089389909
4370289396,97905.60000000,0.00006000,1736089389909
4370289397,97905.60000000,0.00006000,1736089389909
4370289398,97905.60000000,0.00006000,1736089389909
4370289399,97905.60000000,0.00006000,1736089389909
4370289400,97905.60000000,0.00006000,1736089389909
4370289401,97905.60000000,0.00006000,1736089389909
4370289402,97905.60000000,0.00006000,1736089389909
4370289403,97905.60000000,0.00006000,1736089389909
4370289404,97905.60000000,0.00006000,1736089389909
4370289405,97905.60000000,0.00006000,1736089389909
4370289406,97905.60000000,0.00006000,1736089389909
4370289407,97905.60000000,0.00006000,1736089389909
4370289408,97905.60000000,0.00006000,1736089389909
4370289409,97905.60000000,0.00006000,1736089389909
4370289410,97905.60000000,0.00006000,1736089389909
4370289411,97905.59000000,0.00013000,1736089389909
4370289412,97905.59000000,0.00389000,1736089389909
4370289413,97905.59000000,0.00010000,1736089389909
4370289414,97905.59000000,0.00010000,1736089389909
4370289415,97905.56000000,0.00006000,1736089389909
4370289416,97905.56000000,0.00010000,1736089389909
4370289417,97905.56000000,0.00010000,1736089389909
4370289418,97905.50000000,0.00010000,1736089389909
4370289419,97905.50000000,0.00010000,1736089389909
4370289420,97905.49000000,0.00010000,1736089389909
4370289421,97905.49000000,0.00010000,1736089389909
4370289422,97904.92000000,0.00010000,1736089389914
4370289423,97904.92000000,0.00010000,1736089389914
4370289424,97904.82000000,0.00011000,1736089389914
4370289425,97904.82000000,0.00010000,1736089389914
4370289426,97904.82000000,0.00010000,1736089389914
4370289427,97904.49000000,0.01021000,1736089389919
4370289428,97904.49000000,0.00010000,1736089389919
4370289429,97904.49000000,0.00010000,1736089389919
4370289430,97904.39000000,0.00011000,1736089389919
4370289431,97904.38000000,0.00010000,1736089389919
4370289432,97904.38000000,0.00010000,1736089389919
4370289433,97904.12000000,0.00010000,1736089389931
4370289434,97904.12000000,0.00010000,1736089389931
4370289435,97903.82000000,0.00010000,1736089389931
4370289436,97903.82000000,0.00010000,1736089389931
4370289437,97903.54000000,0.00006000,1736089389931
4370289438,97903.54000000,0.00010000,1736089389931
4370289439,97903.54000000,0.00010000,1736089389931
4370289440,97902.81000000,0.00006000,1736089389931
4370289441,97902.81000000,0.00010000,1736089389931
4370289442,97902.81000000,0.00006000,1736089389931
4370289443,97902.81000000,0.00010000,1736089389931
4370289444,97902.81000000,0.00006000,1736089389931
4370289445,97902.81000000,0.00006000,1736089389931
4370289446,97902.81000000,0.00006000,1736089389931
4370289447,97902.81000000,0.00006000,1736089389931
4370289448,97902.81000000,0.00006000,1736089389931
4370289449,97902.81000000,0.00006000,1736089389931
4370289450,97902.81000000,0.00006000,1736089389931
4370289451,97902.81000000,0.00006000,1736089389931
4370289452,97902.80000000,0.00010000,1736089389931
4370289453,97902.80000000,0.00010000,1736089389931
4370289454,97902.58000000,0.00009000,1736089389931
4370289455,97902.57000000,0.00010000,1736089389931
4370289456,97902.57000000,0.00006000,1736089389931
4370289457,97902.57000000,0.00010000,1736089389931
4370289458,97902.53000000,0.00990000,1736089389931
4370289459,97902.53000000,0.00010000,1736089389931
4370289460,97902.53000000,0.00010000,1736089389931
4370289461,97902.10000000,0.00010000,1736089389931
4370289462,97902.10000000,0.00010000,1736089389931
4370289463,97902.09000000,0.00010000,1736089389956
4370289464,97902.09000000,0.00010000,1736089389956
4370289465,97902.05000000,0.00011000,1736089389956
4370289466,97902.05000000,0.00010000,1736089389956
4370289467,97902.05000000,0.00010000,1736089389956
4370289468,97901.59000000,0.00006000,1736089389956
4370289469,97901.59000000,0.00010000,1736089389956
4370289470,97901.59000000,0.00010000,1736089389956
4370289471,97901.55000000,0.00010000,1736089389956
4370289472,97901.55000000,0.00010000,1736089389956
4370289473,97901.53000000,0.01011000,1736089389956
4370289474,97901.53000000,0.00010000,1736089389956
4370289475,97901.53000000,0.00010000,1736089389956
4370289476,97901.26000000,0.01174000,1736089389956
4370289477,97901.26000000,0.00010000,1736089389956
4370289478,97901.26000000,0.00010000,1736089389956
4370289479,97900.62000000,0.00006000,1736089389956
4370289480,97900.62000000,0.00010000,1736089389956
4370289481,97900.62000000,0.00010000,1736089389956
4370289482,97900.55000000,0.00010000,1736089389956
4370289483,97900.55000000,0.00010000,1736089389956
4370289484,97900.55000000,0.00010000,1736089389956
4370289485,97900.00000000,0.00400000,1736089389956
4370289486,97900.00000000,0.00010000,1736089389956
4370289487,97900.00000000,0.00010000,1736089389956
4370289488,97899.64000000,0.00006000,1736089389956
4370289489,97899.64000000,0.00010000,1736089389956
4370289490,97899.64000000,0.00010000,1736089389956
4370289491,97899.33000000,0.00010000,1736089389956
4370289492,97899.33000000,0.00006000,1736089389956
4370289493,97899.33000000,0.00010000,1736089389956
4370289494,97899.33000000,0.00006000,1736089389956
4370289495,97899.33000000,0.00006000,1736089389956
4370289496,97899.33000000,0.00006000,1736089389956
4370289497,97899.33000000,0.00006000,1736089389956
4370289498,97899.33000000,0.00006000,1736089389956
4370289499,97899.33000000,0.00006000,1736089389956
4370289500,97899.33000000,0.00006000,1736089389956
4370289501,97899.33000000,0.00006000,1736089389956
4370289502,97899.33000000,0.00006000,1736089389956
4370289503,97899.32000000,0.00010000,1736089389956
4370289504,97899.32000000,0.00010000,1736089389956
4370289505,97899.29000000,0.00300000,1736089389956
4370289506,97899.29000000,0.00010000,1736089389956
4370289507,97899.29000000,0.00010000,1736089389956
4370289508,97899.22000000,0.01014000,1736089389956
4370289509,97899.22000000,0.00010000,1736089389956
4370289510,97899.22000000,0.00010000,1736089389956
4370289511,97898.82000000,0.00006000,1736089389956
4370289512,97898.82000000,0.00010000,1736089389956
4370289513,97898.82000000,0.00010000,1736089389956
4370289514,97898.72000000,0.00010000,1736089389956
4370289515,97898.72000000,0.00006000,1736089389956
4370289516,97898.72000000,0.00010000,1736089389956
4370289517,97898.72000000,0.00006000,1736089389956
4370289518,97898.72000000,0.00006000,1736089389956
4370289519,97898.72000000,0.00006000,1736089389956
4370289520,97898.72000000,0.00006000,1736089389956
4370289521,97898.72000000,0.00006000,1736089389956
4370289522,97898.72000000,0.00006000,1736089389956
4370289523,97898.72000000,0.00006000,1736089389956
4370289524,97898.72000000,0.00006000,1736089389956
4370289525,97898.72000000,0.00006000,1736089389956
4370289526,97898.72000000,0.00031000,1736089390220
4370289527,97898.71000000,0.00010000,1736089391191
4370289528,97898.71000000,0.00123000,1736089391191
4370289529,97898.72000000,0.00016000,1736089392181
4370289530,97898.72000000,0.05664000,1736089392809
4370289531,97898.71000000,0.00124000,1736089393344
4370289532,97898.71000000,0.00009000,1736089393771
4370289533,97898.71000000,0.00015000,1736089394630
4370289534,97898.72000000,0.00007000,1736089394653
4370289535,97898.72000000,0.00013000,1736089394688
4370289536,97898.72000000,0.00006000,1736089395450
4370289537,97898.71000000,0.00013000,1736089395521
4370289538,97898.71000000,0.01021000,1736089395827
4370289539,97898.71000000,0.01000000,1736089395827
4370289540,97898.71000000,0.23683000,1736089395827
4370289541,97898.71000000,0.05085000,1736089395827
4370289542,97898.71000000,0.00007000,1736089395919
4370289543,97898.71000000,0.00099000,1736089396344
4370289544,97898.71000000,0.00009000,1736089396828
4370289545,97898.71000000,0.00108000,1736089397162
4370289546,97898.71000000,0.00461000,1736089397768
4370289547,97898.71000000,0.00010000,1736089397768
4370289548,97898.71000000,0.00006000,1736089397768
4370289549,97898.71000000,0.01021000,1736089397768
4370289550,97898.71000000,0.01000000,1736089397768
4370289551,97898.71000000,0.00006000,1736089397768
4370289552,97898.71000000,0.00010000,1736089397768
4370289553,97898.71000000,0.00010000,1736089397768
4370289554,97898.71000000,0.00010000,1736089397768
4370289555,97898.69000000,0.00009000,1736089397768
4370289556,97898.69000000,0.00010000,1736089397768
4370289557,97898.69000000,0.00010000,1736089397768
4370289558,97898.68000000,0.00010000,1736089397768
4370289559,97898.68000000,0.00006000,1736089397768
4370289560,97898.68000000,0.00006000,1736089397768
4370289561,97898.68000000,0.00010000,1736089397768
4370289562,97898.68000000,0.00006000,1736089397768
4370289563,97898.68000000,0.00006000,1736089397768
4370289564,97898.68000000,0.00006000,1736089397768
4370289565,97898.68000000,0.00006000,1736089397768
4370289566,97898.68000000,0.00006000,1736089397768
4370289567,97898.68000000,0.00006000,1736089397768
4370289568,97898.68000000,0.00006000,1736089397768
4370289569,97898.68000000,0.00006000,1736089397768
4370289570,97898.68000000,0.00006000,1736089397768
4370289571,97898.68000000,0.00006000,1736089397768
4370289572,97898.68000000,0.00006000,1736089397768
4370289573,97898.68000000,0.00006000,1736089397768
4370289574,97898.68000000,0.00006000,1736089397768
4370289575,97898.68000000,0.00006000,1736089397768
4370289576,97898.68000000,0.00006000,1736089397768
4370289577,97898.68000000,0.00006000,1736089397768
4370289578,97898.68000000,0.00006000,1736089397768
4370289579,97898.68000000,0.00006000,1736089397768
4370289580,97898.67000000,0.00010000,1736089397768
4370289581,97898.67000000,0.02042000,1736089397768
4370289582,97898.67000000,0.00006000,1736089397768
4370289583,97898.67000000,0.00010000,1736089397768
4370289584,97898.63000000,0.00010000,1736089397768
4370289585,97898.63000000,0.00010000,1736089397768
4370289586,97898.50000000,0.00010000,1736089397768
4370289587,97898.50000000,0.00010000,1736089397768
4370289588,97898.50000000,0.00009000,1736089397768
4370289589,97898.50000000,0.00010000,1736089397768
4370289590,97898.49000000,0.05110000,1736089397768
4370289591,97898.49000000,0.00010000,1736089397768
4370289592,97898.49000000,0.00010000,1736089397768
4370289593,97898.39000000,0.00011000,1736089397768
4370289594,97898.39000000,0.00010000,1736089397768
4370289595,97898.39000000,0.00010000,1736089397768
4370289596,97898.28000000,0.00010000,1736089397768
4370289597,97898.28000000,0.00008000,1736089397768
4370289598,97898.28000000,0.00011000,1736089397768
4370289599,97898.28000000,0.00010000,1736089397768
4370289600,97898.27000000,0.00010000,1736089397790
4370289601,97898.27000000,0.01000000,1736089397790
4370289602,97898.27000000,0.01021000,1736089397790
4370289603,97898.27000000,0.00006000,1736089397790
4370289604,97898.27000000,0.00010000,1736089397790
4370289605,97898.27000000,0.00006000,1736089397790
4370289606,97898.27000000,0.00006000,1736089397790
4370289607,97898.27000000,0.00006000,1736089397790
4370289608,97898.27000000,0.00006000,1736089397790
4370289609,97898.27000000,0.00006000,1736089397790
4370289610,97898.27000000,0.00006000,1736089397790
4370289611,97898.27000000,0.00006000,1736089397790
4370289612,97898.27000000,0.00006000,1736089397790
4370289613,97898.27000000,0.00006000,1736089397790
4370289614,97898.27000000,0.00006000,1736089398592
4370289615,97898.27000000,0.03079000,1736089398629
4370289616,97898.27000000,0.00113000,1736089398720
4370289617,97898.27000000,0.00013000,1736089399061
4370289618,97898.27000000,0.27299000,1736089399172
4370289619,97898.27000000,0.00010000,1736089399172
4370289620,97898.27000000,0.17003000,1736089399172
4370289621,97898.27000000,0.17270000,1736089399172
4370289622,97898.27000000,0.00006000,1736089399172
4370289623,97898.27000000,0.40551000,1736089399172
4370289624,97898.26000000,0.00010000,1736089400689
4370289625,97898.26000000,0.00196000,1736089400689
4370289626,97898.27000000,0.01405000,1736089401379
4370289627,97898.27000000,0.00229000,1736089401380
4370289628,97898.27000000,0.01663000,1736089401384
4370289629,97898.26000000,0.00021000,1736089401405
4370289630,97898.26000000,0.00021000,1736089401409
4370289631,97898.26000000,0.00045000,1736089401410
4370289632,97898.27000000,0.00047000,1736089401411
4370289633,97898.26000000,0.00021000,1736089401413
4370289634,97898.26000000,0.00021000,1736089401427
4370289635,97898.26000000,0.00021000,1736089401428
4370289636,97898.26000000,0.00021000,1736089401430
4370289637,97898.27000000,0.00018000,1736089401436
4370289638,97898.26000000,0.00138000,1736089401437
4370289639,97898.27000000,0.00007000,1736089402604
4370289640,97898.27000000,0.00012000,1736089402954
4370289641,97898.26000000,0.01114000,1736089402964
