Trade ID,Price,Quantity,Time
2018295658,3628.01000000,0.13870000,1736089382465
2018295659,3628.01000000,0.19990000,1736089382465
2018295660,3628.01000000,0.19990000,1736089382465
2018295661,3628.01000000,0.00330000,1736089382465
2018295662,3628.01000000,0.00440000,1736089382465
2018295663,3628.01000000,0.00300000,1736089382465
2018295664,3628.01000000,0.00200000,1736089382465
2018295665,3628.01000000,1.93400000,1736089382465
2018295666,3628.01000000,2.95100000,1736089382465
2018295667,3628.01000000,0.00160000,1736089382465
2018295668,3628.01000000,2.55920000,1736089382465
2018295669,3628.01000000,2.00000000,1736089382465
2018295670,3628.01000000,4.95000000,1736089382465
2018295671,3628.01000000,4.95000000,1736089382465
2018295672,3628.01000000,0.00150000,1736089382465
2018295673,3628.01000000,0.19990000,1736089382465
2018295674,3628.01000000,0.00540000,1736089382465
2018295675,3628.01000000,0.17240000,1736089382465
2018295676,3628.01000000,1.00680000,1736089382465
2018295677,3628.01000000,13.80090000,1736089382465
2018295678,3628.01000000,0.15520000,1736089382465
2018295679,3628.01000000,0.03000000,1736089382465
2018295680,3628.00000000,0.00300000,1736089382465
2018295681,3628.00000000,0.00200000,1736089382465
2018295682,3628.00000000,0.00140000,1736089382465
2018295683,3628.00000000,1.26530000,1736089382465
2018295684,3628.00000000,0.78790000,1736089382465
2018295685,3628.00000000,2.86900000,1736089382465
2018295686,3628.00000000,0.00300000,1736089382465
2018295687,3628.00000000,0.00140000,1736089382465
2018295688,3628.00000000,0.00140000,1736089382465
2018295689,3628.00000000,0.00140000,1736089382465
2018295690,3628.00000000,0.00140000,1736089382465
2018295691,3628.00000000,0.00140000,1736089382465
2018295692,3628.00000000,0.00140000,1736089382465
2018295693,3628.00000000,0.00140000,1736089382465
2018295694,3628.00000000,0.00140000,1736089382465
2018295695,3628.00000000,0.00140000,1736089382465
2018295696,3627.99000000,0.00300000,1736089382465
2018295697,3627.99000000,0.00200000,1736089382465
2018295698,3627.99000000,3.63340000,1736089382465
2018295699,3627.99000000,0.67210000,1736089382465
2018295700,3627.99000000,0.00300000,1736089382465
2018295701,3627.98000000,0.56040000,1736089382465
2018295702,3627.98000000,0.00300000,1736089382465
2018295703,3627.98000000,0.00200000,1736089382465
2018295704,3627.98000000,0.00300000,1736089382465
2018295705,3627.96000000,0.00140000,1736089382465
2018295706,3627.96000000,0.00300000,1736089382465
2018295707,3627.96000000,0.00200000,1736089382465
2018295708,3627.96000000,0.00160000,1736089382465
2018295709,3627.96000000,0.00300000,1736089382465
2018295710,3627.95000000,0.00200000,1736089382465
2018295711,3627.94000000,0.00200000,1736089382465
2018295712,3627.94000000,2.42660000,1736089382465
2018295713,3627.93000000,0.00200000,1736089382465
2018295714,3627.93000000,0.00140000,1736089382465
2018295715,3627.93000000,0.01660000,1736089382465
2018295716,3627.89000000,0.00200000,1736089382465
2018295717,3627.89000000,0.01850000,1736089382465
2018295718,3627.87000000,0.00160000,1736089382465
2018295719,3627.87000000,0.00200000,1736089382465
2018295720,3627.86000000,0.00140000,1736089382465
2018295721,3627.86000000,0.00200000,1736089382465
2018295722,3627.84000000,4.82770000,1736089382465
2018295723,3627.84000000,1.86150000,1736089382465
2018295724,3627.83000000,3.96000000,1736089382465
2018295725,3627.83000000,2.48140000,1736089382465
2018295726,3627.81000000,0.55200000,1736089382465
2018295727,3627.80000000,0.00290000,1736089382465
2018295728,3627.80000000,0.55200000,1736089382465
2018295729,3627.80000000,0.55200000,1736089382465
2018295730,3627.80000000,2.86900000,1736089382465
2018295731,3627.80000000,0.40000000,1736089382465
2018295732,3627.75000000,10.89220000,1736089382465
2018295733,3627.73000000,0.95390000,1736089382465
2018295734,3627.65000000,3.50350000,1736089382465
2018295735,3627.64000000,0.05000000,1736089382465
2018295736,3627.64000000,4.95000000,1736089382465
2018295737,3627.63000000,0.00160000,1736089382465
2018295738,3627.62000000,0.00160000,1736089382465
2018295739,3627.60000000,2.86900000,1736089382465
2018295740,3627.60000000,0.55200000,1736089382465
2018295741,3627.60000000,0.55200000,1736089382465
2018295742,3627.57000000,0.00140000,1736089382465
2018295743,3627.56000000,0.27560000,1736089382465
2018295744,3627.47000000,0.00280000,1736089382465
2018295745,3627.46000000,0.05520000,1736089382465
2018295746,3627.46000000,0.00400000,1736089382465
2018295747,3627.46000000,1.58520000,1736089382465
2018295748,3627.46000000,1.19670000,1736089382465
2018295749,3627.46000000,0.05520000,1736089382465
2018295750,3627.46000000,0.05520000,1736089382465
2018295751,3627.46000000,0.05520000,1736089382465
2018295752,3627.46000000,0.05520000,1736089382465
2018295753,3627.46000000,0.05520000,1736089382465
2018295754,3627.46000000,0.05520000,1736089382465
2018295755,3627.46000000,0.05520000,1736089382465
2018295756,3627.46000000,0.05520000,1736089382465
2018295757,3627.46000000,0.05450000,1736089382465
2018295758,3627.45000000,1.19020000,1736089382465
2018295759,3627.40000000,2.86900000,1736089382465
2018295760,3627.40000000,0.55200000,1736089382465
2018295761,3627.40000000,0.55200000,1736089382465
2018295762,3627.38000000,4.64940000,1736089382465
2018295763,3627.37000000,0.12090000,1736089382465
2018295764,3627.36000000,2.87420000,1736089382465
2018295765,3627.36000000,11.08870000,1736089382465
2018295766,3627.37000000,0.02410000,1736089382471
2018295767,3627.37000000,1.09340000,1736089382477
2018295768,3627.37000000,0.33060000,1736089382481
2018295769,3627.37000000,0.12600000,1736089383074
2018295770,3627.37000000,0.22690000,1736089383416
2018295771,3627.37000000,0.67390000,1736089383418
2018295772,3627.37000000,0.69570000,1736089383420
2018295773,3627.36000000,0.45730000,1736089383425
2018295774,3627.36000000,0.11030000,1736089383426
2018295775,3627.37000000,0.12610000,1736089383427
2018295776,3627.36000000,0.20800000,1736089383429
2018295777,3627.36000000,0.60700000,1736089383430
2018295778,3627.36000000,0.67390000,1736089383432
2018295779,3627.36000000,0.08870000,1736089383439
2018295780,3627.36000000,0.00270000,1736089383562
2018295781,3627.37000000,0.00380000,1736089383663
2018295782,3627.36000000,0.00270000,1736089384016
2018295783,3627.37000000,0.00560000,1736089384017
2018295784,3627.37000000,1.37960000,1736089384147
2018295785,3627.37000000,0.00370000,1736089384952
2018295786,3627.37000000,0.00560000,1736089385377
2018295787,3627.36000000,0.13210000,1736089385613
2018295788,3627.36000000,0.00200000,1736089386118
2018295789,3627.37000000,1.13770000,1736089386749
2018295790,3627.37000000,7.96950000,1736089386749
2018295791,3627.37000000,0.65820000,1736089386749
2018295792,3627.37000000,0.63460000,1736089386749
2018295793,3627.37000000,0.37810000,1736089386749
2018295794,3627.37000000,0.20000000,1736089386749
2018295795,3627.37000000,0.20000000,1736089386749
2018295796,3627.37000000,0.20000000,1736089386749
2018295797,3627.37000000,0.20000000,1736089386749
2018295798,3627.37000000,2.55920000,1736089386749
2018295799,3627.37000000,3.49550000,1736089386749
2018295800,3627.37000000,0.01220000,1736089386749
2018295801,3627.37000000,4.95000000,1736089386749
2018295802,3627.37000000,2.00000000,1736089386749
2018295803,3627.37000000,4.95000000,1736089386749
2018295804,3627.37000000,3.00000000,1736089386749
2018295805,3627.37000000,2.48360000,1736089386749
2018295806,3627.37000000,0.00460000,1736089386749
2018295807,3627.37000000,6.38350000,1736089386749
2018295808,3627.39000000,0.00160000,1736089386749
2018295809,3627.41000000,0.00150000,1736089386749
2018295810,3627.42000000,0.89680000,1736089386749
2018295811,3627.42000000,0.00150000,1736089386749
2018295812,3627.43000000,2.48170000,1736089386749
2018295813,3627.45000000,0.00140000,1736089386749
2018295814,3627.46000000,0.00160000,1736089386749
2018295815,3627.51000000,0.00160000,1736089386749
2018295816,3627.58000000,1.19190000,1736089386749
2018295817,3627.60000000,2.86900000,1736089386749
2018295818,3627.60000000,0.55200000,1736089386749
2018295819,3627.60000000,0.55200000,1736089386749
2018295820,3627.73000000,2.45070000,1736089386749
2018295821,3627.73000000,1.32150000,1736089386749
2018295822,3627.74000000,0.05000000,1736089386749
2018295823,3627.75000000,5.00460000,1736089386749
2018295824,3627.76000000,0.00160000,1736089386749
2018295825,3627.76000000,3.64120000,1736089386749
2018295826,3627.80000000,0.55200000,1736089386749
2018295827,3627.80000000,2.86900000,1736089386749
2018295828,3627.80000000,0.00290000,1736089386749
2018295829,3627.80000000,0.55200000,1736089386749
2018295830,3627.81000000,0.26990000,1736089386749
2018295831,3627.80000000,0.00200000,1736089387416
2018295832,3627.80000000,0.00200000,1736089387416
2018295833,3627.80000000,0.00200000,1736089387416
2018295834,3627.80000000,0.00300000,1736089387416
2018295835,3627.80000000,0.00200000,1736089387416
2018295836,3627.80000000,0.00160000,1736089387416
2018295837,3627.80000000,0.00300000,1736089387416
2018295838,3627.79000000,0.00300000,1736089387416
2018295839,3627.79000000,0.00200000,1736089387416
2018295840,3627.79000000,0.00140000,1736089387416
2018295841,3627.79000000,0.00300000,1736089387416
2018295842,3627.79000000,0.00140000,1736089387416
2018295843,3627.79000000,0.00140000,1736089387416
2018295844,3627.79000000,0.00140000,1736089387416
2018295845,3627.79000000,0.00140000,1736089387416
2018295846,3627.79000000,0.00140000,1736089387416
2018295847,3627.79000000,0.00140000,1736089387416
2018295848,3627.79000000,0.00140000,1736089387416
2018295849,3627.79000000,0.00140000,1736089387416
2018295850,3627.79000000,0.00140000,1736089387416
2018295851,3627.78000000,0.00140000,1736089387416
2018295852,3627.78000000,0.00200000,1736089387416
2018295853,3627.78000000,0.00300000,1736089387416
2018295854,3627.78000000,0.00200000,1736089387416
2018295855,3627.78000000,0.00300000,1736089387416
2018295856,3627.76000000,0.00200000,1736089387416
2018295857,3627.76000000,0.00300000,1736089387416
2018295858,3627.76000000,0.00200000,1736089387416
2018295859,3627.76000000,0.00140000,1736089387416
2018295860,3627.76000000,0.00300000,1736089387416
2018295861,3627.76000000,0.00140000,1736089387416
2018295862,3627.76000000,0.00140000,1736089387416
2018295863,3627.76000000,0.00140000,1736089387416
2018295864,3627.76000000,0.00140000,1736089387416
2018295865,3627.76000000,0.00140000,1736089387416
2018295866,3627.76000000,0.00140000,1736089387416
2018295867,3627.76000000,0.00140000,1736089387416
2018295868,3627.76000000,0.00140000,1736089387416
2018295869,3627.76000000,0.00140000,1736089387416
2018295870,3627.75000000,0.00140000,1736089387416
2018295871,3627.75000000,0.00200000,1736089387416
2018295872,3627.75000000,0.00300000,1736089387416
2018295873,3627.75000000,0.00200000,1736089387416
2018295874,3627.75000000,0.00300000,1736089387416
2018295875,3627.69000000,0.00200000,1736089387416
2018295876,3627.66000000,0.00200000,1736089387416
2018295877,3627.64000000,0.00140000,1736089387416
2018295878,3627.64000000,0.00200000,1736089387416
2018295879,3627.61000000,0.00200000,1736089387416
2018295880,3627.60000000,0.00200000,1736089387416
2018295881,3627.58000000,0.00160000,1736089387416
2018295882,3627.58000000,0.00200000,1736089387416
2018295883,3627.55000000,0.00200000,1736089387416
2018295884,3627.50000000,0.00160000,1736089387416
2018295885,3627.43000000,0.05000000,1736089387516
2018295886,3627.43000000,0.00300000,1736089387516
2018295887,3627.43000000,0.00160000,1736089387516
2018295888,3627.43000000,0.00200000,1736089387516
2018295889,3627.43000000,0.00300000,1736089387516
2018295890,3627.42000000,0.00300000,1736089387516
2018295891,3627.42000000,0.00140000,1736089387516
2018295892,3627.42000000,0.00200000,1736089387516
2018295893,3627.42000000,0.00300000,1736089387516
2018295894,3627.40000000,0.00300000,1736089387516
2018295895,3627.40000000,0.00200000,1736089387516
2018295896,3627.40000000,0.00300000,1736089387516
2018295897,3627.39000000,0.00300000,1736089387516
2018295898,3627.39000000,0.00200000,1736089387516
2018295899,3627.39000000,0.00300000,1736089387516
2018295900,3627.38000000,0.00300000,1736089387516
2018295901,3627.38000000,0.00200000,1736089387516
2018295902,3627.38000000,0.00140000,1736089387516
2018295903,3627.38000000,0.00140000,1736089387516
2018295904,3627.38000000,0.00150000,1736089387516
2018295905,3627.38000000,0.00300000,1736089387516
2018295906,3627.38000000,0.00140000,1736089387516
2018295907,3627.38000000,0.00140000,1736089387516
2018295908,3627.38000000,0.00140000,1736089387516
2018295909,3627.38000000,0.00140000,1736089387516
2018295910,3627.38000000,0.00140000,1736089387516
2018295911,3627.38000000,0.00140000,1736089387516
2018295912,3627.38000000,0.00140000,1736089387516
2018295913,3627.38000000,0.00140000,1736089387516
2018295914,3627.38000000,0.00140000,1736089387516
2018295915,3627.37000000,0.00200000,1736089387539
2018295916,3627.37000000,0.00150000,1736089387539
2018295917,3627.37000000,0.00300000,1736089387539
2018295918,3627.37000000,0.00140000,1736089387539
2018295919,3627.37000000,0.00140000,1736089387539
2018295920,3627.37000000,0.00300000,1736089387539
2018295921,3627.37000000,0.00140000,1736089387539
2018295922,3627.37000000,0.00140000,1736089387539
2018295923,3627.37000000,0.00140000,1736089387539
2018295924,3627.37000000,0.00140000,1736089387539
2018295925,3627.37000000,0.00140000,1736089387539
2018295926,3627.37000000,0.00140000,1736089387539
2018295927,3627.37000000,0.00140000,1736089387539
2018295928,3627.37000000,0.00140000,1736089387539
2018295929,3627.37000000,0.00140000,1736089387539
2018295930,3627.37000000,0.00140000,1736089387539
2018295931,3627.37000000,0.00140000,1736089387539
2018295932,3627.37000000,0.00140000,1736089387539
2018295933,3627.37000000,0.00140000,1736089387539
2018295934,3627.37000000,0.00140000,1736089387539
2018295935,3627.37000000,0.00140000,1736089387539
2018295936,3627.37000000,0.00140000,1736089387539
2018295937,3627.37000000,0.00140000,1736089387539
2018295938,3627.37000000,0.00140000,1736089387539
2018295939,3627.36000000,7.49710000,1736089387554
2018295940,3627.36000000,5.99320000,1736089387617
2018295941,3627.36000000,0.31060000,1736089387622
2018295942,3627.36000000,0.00200000,1736089387622
2018295943,3627.36000000,0.00300000,1736089387622
2018295944,3627.36000000,0.00140000,1736089387622
2018295945,3627.36000000,0.01290000,1736089387622
2018295946,3627.36000000,0.01730000,1736089387622
2018295947,3627.36000000,0.00300000,1736089387622
2018295948,3627.36000000,0.00140000,1736089387622
2018295949,3627.36000000,0.00140000,1736089387622
2018295950,3627.36000000,0.00140000,1736089387622
2018295951,3627.36000000,0.00140000,1736089387622
2018295952,3627.36000000,0.00140000,1736089387622
2018295953,3627.36000000,0.00140000,1736089387622
2018295954,3627.36000000,0.00140000,1736089387622
2018295955,3627.36000000,0.00140000,1736089387622
2018295956,3627.36000000,0.00140000,1736089387622
2018295957,3627.35000000,0.00140000,1736089387622
2018295958,3627.35000000,0.00200000,1736089387622
2018295959,3627.35000000,0.00300000,1736089387622
2018295960,3627.35000000,0.00300000,1736089387622
2018295961,3627.34000000,0.00200000,1736089387622
2018295962,3627.34000000,0.00300000,1736089387622
2018295963,3627.34000000,0.00150000,1736089387622
2018295964,3627.34000000,0.00300000,1736089387622
2018295965,3627.33000000,0.02130000,1736089387631
2018295966,3627.33000000,0.00200000,1736089387631
2018295967,3627.33000000,0.00300000,1736089387631
2018295968,3627.33000000,0.00140000,1736089387637
2018295969,3627.33000000,0.00300000,1736089387637
2018295970,3627.33000000,0.00140000,1736089387637
2018295971,3627.33000000,0.00140000,1736089387637
2018295972,3627.33000000,0.00140000,1736089387637
2018295973,3627.33000000,0.00140000,1736089387637
2018295974,3627.33000000,0.00140000,1736089387637
2018295975,3627.33000000,0.00140000,1736089387637
2018295976,3627.33000000,0.00140000,1736089387637
2018295977,3627.33000000,0.00140000,1736089387637
2018295978,3627.33000000,0.00140000,1736089387637
2018295979,3627.32000000,0.00200000,1736089387637
2018295980,3627.32000000,0.00300000,1736089387637
2018295981,3627.32000000,0.00300000,1736089387637
2018295982,3627.30000000,0.00200000,1736089387637
2018295983,3627.30000000,0.00300000,1736089387637
2018295984,3627.30000000,0.00300000,1736089387637
2018295985,3627.29000000,0.00200000,1736089387645
2018295986,3627.29000000,0.00150000,1736089387645
2018295987,3627.29000000,0.00300000,1736089387645
2018295988,3627.29000000,0.00300000,1736089387645
2018295989,3627.25000000,0.00290000,1736089387645
2018295990,3627.25000000,0.02750000,1736089387645
2018295991,3627.25000000,0.00200000,1736089387645
2018295992,3627.25000000,0.00300000,1736089387645
2018295993,3627.25000000,0.00240000,1736089387645
2018295994,3627.25000000,0.00060000,1736089387646
2018295995,3627.24000000,0.00140000,1736089387646
2018295996,3627.24000000,0.00200000,1736089387646
2018295997,3627.24000000,0.00140000,1736089387646
2018295998,3627.24000000,0.00140000,1736089387646
2018295999,3627.24000000,0.00140000,1736089387646
2018296000,3627.24000000,0.00140000,1736089387646
2018296001,3627.24000000,0.00140000,1736089387646
2018296002,3627.24000000,0.00140000,1736089387646
2018296003,3627.24000000,0.00140000,1736089387646
2018296004,3627.24000000,0.00140000,1736089387646
2018296005,3627.24000000,0.00140000,1736089387646
2018296006,3627.23000000,0.00200000,1736089387646
2018296007,3627.22000000,0.00140000,1736089387646
2018296008,3627.22000000,0.00200000,1736089387646
2018296009,3627.22000000,0.00150000,1736089387646
2018296010,3627.22000000,0.00200000,1736089387692
2018296011,3627.22000000,0.00300000,1736089387692
2018296012,3627.22000000,0.00300000,1736089387696
2018296013,3627.14000000,0.00140000,1736089387798
2018296014,3627.14000000,0.00150000,1736089387798
2018296015,3627.14000000,0.00200000,1736089387798
2018296016,3627.14000000,0.00300000,1736089387798
2018296017,3627.14000000,0.00140000,1736089387798
2018296018,3627.14000000,0.00300000,1736089387798
2018296019,3627.14000000,0.00140000,1736089387798
2018296020,3627.14000000,0.00140000,1736089387798
2018296021,3627.14000000,0.00140000,1736089387798
2018296022,3627.14000000,0.00140000,1736089387798
2018296023,3627.14000000,0.00140000,1736089387798
2018296024,3627.14000000,0.00140000,1736089387798
2018296025,3627.14000000,0.00140000,1736089387798
2018296026,3627.14000000,0.00140000,1736089387798
2018296027,3627.13000000,0.14340000,1736089387798
2018296028,3627.13000000,0.02840000,1736089387876
2018296029,3627.14000000,0.00550000,1736089388660
2018296030,3627.13000000,0.08950000,1736089389084
2018296031,3627.14000000,4.78480000,1736089389138
2018296032,3627.14000000,3.00000000,1736089389138
2018296033,3627.14000000,6.00000000,1736089389138
2018296034,3627.14000000,10.00000000,1736089389138
2018296035,3627.14000000,7.55320000,1736089389138
2018296036,3627.14000000,6.86300000,1736089389138
2018296037,3627.14000000,13.54360000,1736089389138
2018296038,3627.14000000,0.63810000,1736089389138
2018296039,3627.13000000,0.71520000,1736089389823
2018296040,3627.13000000,0.00200000,1736089389823
2018296041,3627.13000000,0.00140000,1736089389823
2018296042,3627.13000000,0.00300000,1736089389823
2018296043,3627.13000000,9.28320000,1736089389823
2018296044,3627.13000000,3.84440000,1736089389826
2018296045,3627.13000000,0.67330000,1736089389831
2018296046,3627.13000000,0.02990000,1736089389831
2018296047,3627.13000000,0.00140000,1736089389831
2018296048,3627.13000000,0.00300000,1736089389831
2018296049,3627.13000000,0.00140000,1736089389831
2018296050,3627.13000000,0.00140000,1736089389831
2018296051,3627.13000000,0.00140000,1736089389831
2018296052,3627.13000000,0.00140000,1736089389831
2018296053,3627.13000000,0.00140000,1736089389831
2018296054,3627.13000000,0.00100000,1736089389831
2018296055,3627.13000000,0.00040000,1736089389831
2018296056,3627.13000000,0.00140000,1736089389831
2018296057,3627.13000000,0.00140000,1736089389831
2018296058,3627.12000000,0.00200000,1736089389835
2018296059,3627.12000000,0.00300000,1736089389835
2018296060,3627.12000000,0.00300000,1736089389835
2018296061,3627.11000000,0.00300000,1736089389836
2018296062,3627.11000000,0.00300000,1736089389836
2018296063,3627.07000000,0.00300000,1736089389839
2018296064,3627.07000000,0.00300000,1736089389839
2018296065,3627.05000000,0.68910000,1736089389839
2018296066,3627.04000000,0.00200000,1736089389839
2018296067,3627.04000000,0.00300000,1736089389839
2018296068,3627.04000000,0.00150000,1736089389839
2018296069,3627.04000000,0.00140000,1736089389839
2018296070,3627.04000000,0.00300000,1736089389839
2018296071,3627.04000000,0.00140000,1736089389839
2018296072,3627.04000000,0.00140000,1736089389839
2018296073,3627.04000000,0.00140000,1736089389839
2018296074,3627.04000000,0.00140000,1736089389839
2018296075,3627.04000000,0.00140000,1736089389839
2018296076,3627.04000000,0.00140000,1736089389839
2018296077,3627.04000000,0.00140000,1736089389839
2018296078,3627.04000000,0.00140000,1736089389839
2018296079,3627.04000000,0.00140000,1736089389839
2018296080,3627.03000000,1.46790000,1736089389839
2018296081,3627.03000000,0.00200000,1736089389839
2018296082,3627.03000000,0.00150000,1736089389839
2018296083,3627.03000000,0.00140000,1736089389839
2018296084,3627.03000000,0.00300000,1736089389839
2018296085,3627.03000000,0.00140000,1736089389839
2018296086,3627.03000000,0.00300000,1736089389839
2018296087,3627.03000000,0.00140000,1736089389839
2018296088,3627.03000000,0.00140000,1736089389839
2018296089,3627.03000000,0.00140000,1736089389839
2018296090,3627.03000000,0.00140000,1736089389839
2018296091,3627.03000000,0.00140000,1736089389839
2018296092,3627.03000000,0.00140000,1736089389839
2018296093,3627.03000000,0.00140000,1736089389839
2018296094,3627.03000000,0.00140000,1736089389839
2018296095,3627.02000000,0.69340000,1736089389839
2018296096,3627.02000000,0.28450000,1736089389842
2018296097,3627.02000000,0.00200000,1736089389842
2018296098,3627.02000000,0.00300000,1736089389842
2018296099,3627.02000000,0.00300000,1736089389842
2018296100,3627.00000000,0.00280000,1736089389842
2018296101,3627.00000000,0.00300000,1736089389842
2018296102,3627.00000000,0.00300000,1736089389842
2018296103,3626.96000000,0.00140000,1736089389842
2018296104,3626.96000000,0.00140000,1736089389842
2018296105,3626.96000000,0.00140000,1736089389842
2018296106,3626.96000000,0.00140000,1736089389842
2018296107,3626.96000000,0.00140000,1736089389842
2018296108,3626.96000000,0.00140000,1736089389842
2018296109,3626.96000000,0.00140000,1736089389842
2018296110,3626.96000000,0.00140000,1736089389842
2018296111,3626.96000000,0.00140000,1736089389842
2018296112,3626.96000000,0.00140000,1736089389842
2018296113,3626.95000000,0.00200000,1736089389842
2018296114,3626.95000000,0.00140000,1736089389842
2018296115,3626.95000000,0.00150000,1736089389842
2018296116,3626.95000000,0.00140000,1736089389842
2018296117,3626.95000000,0.00140000,1736089389842
2018296118,3626.95000000,0.00140000,1736089389842
2018296119,3626.95000000,0.00140000,1736089389842
2018296120,3626.95000000,0.00140000,1736089389842
2018296121,3626.95000000,0.00140000,1736089389842
2018296122,3626.95000000,0.00140000,1736089389842
2018296123,3626.95000000,0.00140000,1736089389842
2018296124,3626.95000000,0.00140000,1736089389842
2018296125,3626.94000000,0.20610000,1736089389842
2018296126,3626.94000000,0.20610000,1736089389842
2018296127,3626.94000000,0.01300000,1736089389842
2018296128,3626.94000000,0.00200000,1736089389842
2018296129,3626.94000000,0.20610000,1736089389842
2018296130,3626.94000000,0.20610000,1736089389842
2018296131,3626.94000000,0.18120000,1736089389842
2018296132,3626.94000000,0.15510000,1736089389842
2018296133,3626.93000000,0.00200000,1736089389842
2018296134,3626.92000000,0.05000000,1736089389842
2018296135,3626.92000000,0.00150000,1736089389842
2018296136,3626.85000000,0.00280000,1736089389842
2018296137,3626.85000000,0.02330000,1736089389842
2018296138,3626.84000000,0.00150000,1736089389842
2018296139,3626.82000000,0.02480000,1736089389842
2018296140,3626.80000000,1.88830000,1736089389842
2018296141,3626.78000000,0.00160000,1736089389846
2018296142,3626.78000000,0.00150000,1736089389846
2018296143,3626.76000000,0.00140000,1736089389846
2018296144,3626.76000000,0.00140000,1736089389846
2018296145,3626.76000000,0.00140000,1736089389846
2018296146,3626.76000000,0.00140000,1736089389846
2018296147,3626.76000000,0.00140000,1736089389846
2018296148,3626.76000000,0.00140000,1736089389846
2018296149,3626.76000000,0.00140000,1736089389846
2018296150,3626.76000000,0.00140000,1736089389846
2018296151,3626.76000000,0.00140000,1736089389846
2018296152,3626.76000000,0.00140000,1736089389846
2018296153,3626.75000000,0.00280000,1736089389846
2018296154,3626.74000000,0.00140000,1736089389846
2018296155,3626.74000000,0.00140000,1736089389846
2018296156,3626.74000000,0.00140000,1736089389846
2018296157,3626.74000000,0.00140000,1736089389846
2018296158,3626.74000000,0.00140000,1736089389846
2018296159,3626.74000000,0.00140000,1736089389846
2018296160,3626.74000000,0.00140000,1736089389846
2018296161,3626.74000000,0.00140000,1736089389846
2018296162,3626.74000000,0.00140000,1736089389846
2018296163,3626.74000000,0.00140000,1736089389846
2018296164,3626.73000000,0.23520000,1736089389846
2018296165,3626.71000000,1.10970000,1736089389846
2018296166,3626.70000000,0.00290000,1736089389846
2018296167,3626.68000000,0.00160000,1736089389846
2018296168,3626.67000000,0.81110000,1736089389846
2018296169,3626.65000000,0.00190000,1736089389846
2018296170,3626.65000000,1.02880000,1736089389846
2018296171,3626.63000000,0.84530000,1736089389846
2018296172,3626.63000000,0.05000000,1736089389846
2018296173,3626.63000000,7.48430000,1736089389846
2018296174,3626.62000000,0.00210000,1736089389846
2018296175,3626.62000000,0.27560000,1736089389846
2018296176,3626.62000000,0.05520000,1736089389846
2018296177,3626.62000000,0.05520000,1736089389846
2018296178,3626.62000000,0.05520000,1736089389846
2018296179,3626.62000000,0.05520000,1736089389846
2018296180,3626.62000000,0.05520000,1736089389846
2018296181,3626.62000000,0.05520000,1736089389846
2018296182,3626.62000000,0.05520000,1736089389846
2018296183,3626.62000000,0.05520000,1736089389846
2018296184,3626.62000000,0.05520000,1736089389846
2018296185,3626.62000000,0.05460000,1736089389846
2018296186,3626.60000000,0.02630000,1736089389846
2018296187,3626.60000000,0.52570000,1736089389846
2018296188,3626.58000000,4.13140000,1736089389846
2018296189,3626.58000000,0.52290000,1736089389848
2018296190,3626.57000000,0.00280000,1736089389848
2018296191,3626.56000000,0.94900000,1736089389848
2018296192,3626.56000000,0.00150000,1736089389848
2018296193,3626.55000000,0.76530000,1736089389848
2018296194,3626.53000000,0.00140000,1736089389848
2018296195,3626.52000000,3.63340000,1736089389848
2018296196,3626.51000000,0.97100000,1736089389848
2018296197,3626.51000000,0.96020000,1736089389848
2018296198,3626.50000000,0.27570000,1736089389848
2018296199,3626.50000000,0.01490000,1736089389848
2018296200,3626.49000000,0.92220000,1736089389848
2018296201,3626.48000000,1.04810000,1736089389848
2018296202,3626.47000000,0.40920000,1736089389848
2018296203,3626.45000000,7.34520000,1736089389848
2018296204,3626.44000000,0.00280000,1736089389848
2018296205,3626.44000000,1.75230000,1736089389848
2018296206,3626.43000000,0.01030000,1736089389848
2018296207,3626.43000000,1.73810000,1736089389848
2018296208,3626.42000000,0.00690000,1736089389848
2018296209,3626.41000000,1.06820000,1736089389851
2018296210,3626.41000000,0.94270000,1736089389930
2018296211,3626.41000000,0.00150000,1736089389930
2018296212,3626.41000000,0.00300000,1736089389930
2018296213,3626.41000000,0.00140000,1736089389930
2018296214,3626.41000000,0.00300000,1736089389930
2018296215,3626.41000000,0.00140000,1736089389930
2018296216,3626.41000000,0.00140000,1736089389930
2018296217,3626.41000000,0.00140000,1736089389930
2018296218,3626.41000000,0.00140000,1736089389930
2018296219,3626.41000000,0.00140000,1736089389930
2018296220,3626.41000000,0.00140000,1736089389930
2018296221,3626.41000000,0.00140000,1736089389930
2018296222,3626.41000000,0.00140000,1736089389930
2018296223,3626.41000000,0.00140000,1736089389930
2018296224,3626.40000000,0.05000000,1736089389930
2018296225,3626.40000000,0.00300000,1736089389930
2018296226,3626.40000000,0.00300000,1736089389930
2018296227,3626.37000000,0.00300000,1736089389930
2018296228,3626.37000000,0.00300000,1736089389930
2018296229,3626.36000000,0.00300000,1736089389930
2018296230,3626.36000000,0.00300000,1736089389930
2018296231,3626.35000000,0.00280000,1736089389930
2018296232,3626.35000000,0.01060000,1736089389930
2018296233,3626.35000000,0.00300000,1736089389930
2018296234,3626.35000000,0.00150000,1736089389930
2018296235,3626.35000000,0.00300000,1736089389930
2018296236,3626.32000000,0.37230000,1736089389930
2018296237,3626.32000000,0.00150000,1736089389930
2018296238,3626.31000000,0.00140000,1736089389930
2018296239,3626.31000000,0.00140000,1736089389930
2018296240,3626.31000000,0.00140000,1736089389930
2018296241,3626.31000000,0.00140000,1736089389930
2018296242,3626.31000000,0.00140000,1736089389930
2018296243,3626.31000000,0.00140000,1736089389930
2018296244,3626.31000000,0.00140000,1736089389930
2018296245,3626.31000000,0.00140000,1736089389930
2018296246,3626.31000000,0.00140000,1736089389930
2018296247,3626.31000000,0.00140000,1736089389930
2018296248,3626.30000000,0.00320000,1736089389945
2018296249,3626.30000000,0.00300000,1736089390062
2018296250,3626.30000000,0.03010000,1736089390062
2018296251,3626.30000000,0.00300000,1736089390062
2018296252,3626.27000000,0.00300000,1736089390062
2018296253,3626.27000000,0.00150000,1736089390062
2018296254,3626.27000000,0.00140000,1736089390062
2018296255,3626.27000000,0.00300000,1736089390062
2018296256,3626.27000000,0.00140000,1736089390062
2018296257,3626.27000000,0.00140000,1736089390062
2018296258,3626.27000000,0.00140000,1736089390062
2018296259,3626.27000000,0.00140000,1736089390062
2018296260,3626.27000000,0.00140000,1736089390062
2018296261,3626.27000000,0.00140000,1736089390062
2018296262,3626.27000000,0.00140000,1736089390062
2018296263,3626.27000000,0.00140000,1736089390062
2018296264,3626.27000000,0.00140000,1736089390062
2018296265,3626.26000000,0.02210000,1736089390062
2018296266,3626.26000000,0.00300000,1736089390062
2018296267,3626.26000000,0.00300000,1736089390062
2018296268,3626.24000000,0.00150000,1736089390062
2018296269,3626.24000000,0.00300000,1736089390062
2018296270,3626.24000000,0.00140000,1736089390062
2018296271,3626.24000000,0.00300000,1736089390062
2018296272,3626.24000000,0.00140000,1736089390062
2018296273,3626.24000000,0.00140000,1736089390062
2018296274,3626.24000000,0.00140000,1736089390062
2018296275,3626.24000000,0.00140000,1736089390062
2018296276,3626.24000000,0.00140000,1736089390062
2018296277,3626.24000000,0.00140000,1736089390062
2018296278,3626.24000000,0.00140000,1736089390062
2018296279,3626.24000000,0.00140000,1736089390062
2018296280,3626.24000000,0.00140000,1736089390062
2018296281,3626.23000000,1.51070000,1736089390062
2018296282,3626.23000000,0.00300000,1736089390062
2018296283,3626.23000000,0.00300000,1736089390062
2018296284,3626.20000000,0.00280000,1736089390062
2018296285,3626.18000000,0.00400000,1736089390062
2018296286,3626.15000000,0.00290000,1736089390062
2018296287,3626.15000000,0.00140000,1736089390062
2018296288,3626.15000000,0.00140000,1736089390062
2018296289,3626.15000000,0.00140000,1736089390062
2018296290,3626.15000000,0.00140000,1736089390062
2018296291,3626.15000000,0.00140000,1736089390062
2018296292,3626.15000000,0.00140000,1736089390062
2018296293,3626.15000000,0.00140000,1736089390062
2018296294,3626.15000000,0.00140000,1736089390062
2018296295,3626.15000000,0.00140000,1736089390062
2018296296,3626.15000000,0.00140000,1736089390062
2018296297,3626.14000000,0.01100000,1736089390062
2018296298,3626.13000000,0.39570000,1736089390062
2018296299,3626.12000000,0.41770000,1736089390062
2018296300,3626.12000000,0.27570000,1736089390062
2018296301,3626.11000000,0.57420000,1736089390062
2018296302,3626.10000000,1.98480000,1736089390062
2018296303,3626.09000000,0.00280000,1736089390062
2018296304,3626.08000000,1.36760000,1736089390062
2018296305,3626.04000000,0.00500000,1736089390062
2018296306,3626.04000000,0.05000000,1736089390062
2018296307,3626.03000000,0.07670000,1736089390062
2018296308,3626.02000000,0.00900000,1736089390062
2018296309,3626.00000000,0.27570000,1736089390062
2018296310,3626.00000000,0.55200000,1736089390062
2018296311,3625.99000000,0.04350000,1736089390062
2018296312,3625.97000000,0.00280000,1736089390062
2018296313,3625.97000000,0.27560000,1736089390062
2018296314,3625.93000000,6.94550000,1736089390062
2018296315,3625.92000000,0.00140000,1736089390062
2018296316,3625.92000000,0.01190000,1736089390062
2018296317,3625.93000000,0.48740000,1736089390258
2018296318,3625.93000000,0.00300000,1736089390258
2018296319,3625.93000000,0.00200000,1736089390258
2018296320,3625.93000000,0.00200000,1736089390258
2018296321,3625.93000000,0.00160000,1736089390258
2018296322,3625.93000000,0.50000000,1736089390258
2018296323,3625.93000000,2.13310000,1736089390258
2018296324,3625.93000000,0.00150000,1736089390258
2018296325,3625.93000000,0.00150000,1736089390258
2018296326,3625.93000000,0.03020000,1736089390258
2018296327,3625.93000000,0.00300000,1736089390258
2018296328,3625.94000000,0.00200000,1736089390258
2018296329,3625.94000000,0.00200000,1736089390258
2018296330,3625.94000000,0.15860000,1736089390258
2018296331,3625.94000000,0.00300000,1736089390258
2018296332,3625.94000000,0.00200000,1736089390258
2018296333,3625.94000000,0.00300000,1736089390258
2018296334,3625.96000000,0.00140000,1736089390258
2018296335,3625.96000000,0.00300000,1736089390258
2018296336,3625.96000000,0.00200000,1736089390258
2018296337,3625.96000000,0.00300000,1736089390258
2018296338,3625.97000000,0.00200000,1736089390283
2018296339,3625.97000000,0.00300000,1736089390283
2018296340,3625.97000000,0.00300000,1736089390283
2018296341,3625.98000000,0.00300000,1736089390283
2018296342,3625.98000000,0.00200000,1736089390283
2018296343,3625.98000000,0.00150000,1736089390283
2018296344,3625.98000000,0.00500000,1736089390283
2018296345,3625.98000000,0.00300000,1736089390283
2018296346,3625.99000000,0.00200000,1736089390283
2018296347,3625.99000000,0.00150000,1736089390283
2018296348,3625.99000000,0.00300000,1736089390283
2018296349,3625.99000000,0.00300000,1736089390283
2018296350,3626.00000000,0.00200000,1736089390283
2018296351,3626.00000000,0.00300000,1736089390283
2018296352,3626.00000000,0.00300000,1736089390283
2018296353,3626.01000000,0.00200000,1736089390283
2018296354,3626.01000000,0.00300000,1736089390283
2018296355,3626.01000000,0.00300000,1736089390283
2018296356,3626.05000000,0.00200000,1736089390283
2018296357,3626.08000000,0.00200000,1736089390283
2018296358,3626.09000000,0.00200000,1736089390283
2018296359,3626.11000000,0.00140000,1736089390283
2018296360,3626.15000000,0.00290000,1736089390283
2018296361,3626.18000000,0.00140000,1736089390283
2018296362,3626.29000000,0.49180000,1736089390283
2018296363,3626.29000000,0.00300000,1736089390317
2018296364,3626.29000000,0.00300000,1736089390317
2018296365,3626.29000000,0.00140000,1736089390317
2018296366,3626.29000000,0.00200000,1736089390317
2018296367,3626.29000000,0.00150000,1736089390317
2018296368,3626.29000000,0.00300000,1736089390317
2018296369,3626.29000000,0.00300000,1736089390317
2018296370,3626.29000000,0.00140000,1736089390317
2018296371,3626.29000000,0.00140000,1736089390317
2018296372,3626.29000000,0.00140000,1736089390317
2018296373,3626.29000000,0.00140000,1736089390317
2018296374,3626.29000000,0.00140000,1736089390317
2018296375,3626.29000000,0.00140000,1736089390317
2018296376,3626.29000000,0.00140000,1736089390317
2018296377,3626.29000000,0.00140000,1736089390317
2018296378,3626.29000000,0.00140000,1736089390317
2018296379,3626.30000000,0.05000000,1736089390317
2018296380,3626.30000000,0.00300000,1736089390317
2018296381,3626.30000000,0.00200000,1736089390317
2018296382,3626.30000000,0.00150000,1736089390317
2018296383,3626.30000000,0.00300000,1736089390317
2018296384,3626.31000000,0.00160000,1736089390317
2018296385,3626.31000000,0.01830000,1736089390317
2018296386,3626.31000000,0.00320000,1736089390317
2018296387,3626.31000000,0.00300000,1736089390317
2018296388,3626.31000000,0.00200000,1736089390317
2018296389,3626.31000000,0.00300000,1736089390317
2018296390,3626.37000000,0.00160000,1736089390317
2018296391,3626.37000000,0.00300000,1736089390317
2018296392,3626.37000000,0.00200000,1736089390317
2018296393,3626.37000000,0.00300000,1736089390317
2018296394,3626.38000000,0.00280000,1736089390317
2018296395,3626.38000000,0.00300000,1736089390317
2018296396,3626.38000000,0.00200000,1736089390317
2018296397,3626.38000000,0.00150000,1736089390317
2018296398,3626.38000000,0.00300000,1736089390317
2018296399,3626.40000000,0.00140000,1736089390317
2018296400,3626.43000000,0.00210000,1736089390317
2018296401,3626.43000000,0.00200000,1736089390317
2018296402,3626.43000000,0.00150000,1736089390317
2018296403,3626.48000000,0.59800000,1736089390317
2018296404,3626.48000000,0.51070000,1736089390322
2018296405,3626.47000000,0.51070000,1736089390765
2018296406,3626.48000000,0.00140000,1736089390985
2018296407,3626.48000000,0.00300000,1736089390985
2018296408,3626.48000000,0.00200000,1736089390985
2018296409,3626.48000000,0.00150000,1736089390985
2018296410,3626.48000000,0.00140000,1736089390985
2018296411,3626.48000000,0.00300000,1736089390985
2018296412,3626.48000000,0.00140000,1736089390985
2018296413,3626.48000000,0.00140000,1736089390985
2018296414,3626.48000000,0.00140000,1736089390985
2018296415,3626.48000000,0.00140000,1736089390985
2018296416,3626.48000000,0.00140000,1736089390985
2018296417,3626.48000000,0.00140000,1736089390985
2018296418,3626.48000000,0.00140000,1736089390985
2018296419,3626.48000000,0.00140000,1736089390985
2018296420,3626.49000000,0.00200000,1736089390985
2018296421,3626.49000000,0.00300000,1736089390985
2018296422,3626.49000000,0.00150000,1736089390985
2018296423,3626.49000000,0.00190000,1736089390985
2018296424,3626.49000000,0.00190000,1736089390985
2018296425,3626.49000000,0.00170000,1736089390985
2018296426,3626.49000000,0.00170000,1736089390985
2018296427,3626.49000000,0.00140000,1736089390985
2018296428,3626.49000000,0.00300000,1736089390985
2018296429,3626.49000000,0.00140000,1736089390985
2018296430,3626.49000000,0.00140000,1736089390985
2018296431,3626.49000000,0.00140000,1736089390985
2018296432,3626.49000000,0.00140000,1736089390985
2018296433,3626.49000000,0.00140000,1736089390985
2018296434,3626.49000000,0.00140000,1736089390985
2018296435,3626.49000000,0.00140000,1736089390985
2018296436,3626.49000000,0.00140000,1736089390985
2018296437,3626.49000000,0.00140000,1736089390985
2018296438,3626.50000000,0.00300000,1736089390985
2018296439,3626.50000000,0.00200000,1736089390985
2018296440,3626.50000000,0.21980000,1736089390985
2018296441,3626.49000000,0.75100000,1736089390995
2018296442,3626.49000000,0.93130000,1736089390995
2018296443,3626.50000000,0.05590000,1736089391017
2018296444,3626.50000000,0.00300000,1736089391017
2018296445,3626.50000000,0.00200000,1736089391017
2018296446,3626.51000000,0.00300000,1736089391017
2018296447,3626.51000000,0.00200000,1736089391017
2018296448,3626.51000000,0.00300000,1736089391017
2018296449,3626.55000000,0.00300000,1736089391017
2018296450,3626.55000000,0.00200000,1736089391017
2018296451,3626.55000000,0.00300000,1736089391017
2018296452,3626.56000000,0.00280000,1736089391017
2018296453,3626.56000000,0.00200000,1736089391017
2018296454,3626.56000000,0.00300000,1736089391017
2018296455,3626.56000000,0.00300000,1736089391017
2018296456,3626.58000000,0.00200000,1736089391017
2018296457,3626.58000000,0.00140000,1736089391017
2018296458,3626.58000000,0.00300000,1736089391017
2018296459,3626.58000000,0.00300000,1736089391017
2018296460,3626.59000000,0.00400000,1736089391017
2018296461,3626.59000000,0.00200000,1736089391017
2018296462,3626.59000000,0.00140000,1736089391017
2018296463,3626.59000000,0.00140000,1736089391017
2018296464,3626.59000000,0.00140000,1736089391017
2018296465,3626.59000000,0.00140000,1736089391017
2018296466,3626.59000000,0.00140000,1736089391017
2018296467,3626.59000000,0.00140000,1736089391017
2018296468,3626.59000000,0.00140000,1736089391017
2018296469,3626.59000000,0.00140000,1736089391017
2018296470,3626.59000000,0.00140000,1736089391017
2018296471,3626.59000000,0.00140000,1736089391017
2018296472,3626.60000000,0.00140000,1736089391017
2018296473,3626.60000000,0.00200000,1736089391017
2018296474,3626.60000000,0.00140000,1736089391017
2018296475,3626.60000000,0.00140000,1736089391017
2018296476,3626.60000000,0.00140000,1736089391017
2018296477,3626.60000000,0.00140000,1736089391017
2018296478,3626.60000000,0.00140000,1736089391017
2018296479,3626.60000000,0.00140000,1736089391017
2018296480,3626.60000000,0.00140000,1736089391017
2018296481,3626.60000000,0.00140000,1736089391017
2018296482,3626.60000000,0.00140000,1736089391017
2018296483,3626.61000000,0.00200000,1736089391017
2018296484,3626.61000000,0.00140000,1736089391017
2018296485,3626.61000000,0.00140000,1736089391017
2018296486,3626.61000000,0.00140000,1736089391017
2018296487,3626.61000000,0.00140000,1736089391017
2018296488,3626.61000000,0.00140000,1736089391017
2018296489,3626.61000000,0.00140000,1736089391017
2018296490,3626.61000000,0.00140000,1736089391017
2018296491,3626.61000000,0.00140000,1736089391017
2018296492,3626.61000000,0.00140000,1736089391017
2018296493,3626.61000000,0.00140000,1736089391017
2018296494,3626.61000000,0.00140000,1736089391017
2018296495,3626.62000000,0.00200000,1736089391017
2018296496,3626.67000000,0.00150000,1736089391017
2018296497,3626.67000000,0.00210000,1736089391017
2018296498,3626.67000000,0.00210000,1736089391017
2018296499,3626.67000000,0.00170000,1736089391017
2018296500,3626.67000000,0.00170000,1736089391017
2018296501,3626.67000000,0.00200000,1736089391017
2018296502,3626.68000000,0.68950000,1736089391017
2018296503,3626.68000000,0.00200000,1736089391017
2018296504,3626.69000000,0.00140000,1736089391017
2018296505,3626.70000000,0.00290000,1736089391017
2018296506,3626.76000000,0.00280000,1736089391017
2018296507,3626.79000000,0.00150000,1736089391017
2018296508,3626.84000000,0.00160000,1736089391606
2018296509,3626.84000000,1.99000000,1736089391606
2018296510,3626.84000000,0.01330000,1736089392452
2018296511,3626.83000000,0.00300000,1736089392796
2018296512,3626.83000000,0.02810000,1736089392796
2018296513,3626.84000000,0.10250000,1736089393041
2018296514,3626.84000000,0.01100000,1736089393216
2018296515,3626.84000000,0.00170000,1736089393478
2018296516,3626.84000000,0.44070000,1736089394213
2018296517,3626.84000000,1.95600000,1736089394213
2018296518,3626.84000000,1.93400000,1736089394213
2018296519,3626.84000000,2.95100000,1736089394213
2018296520,3626.84000000,1.45890000,1736089394213
2018296521,3626.84000000,4.65010000,1736089394213
2018296522,3626.84000000,4.95000000,1736089394213
2018296523,3626.84000000,0.58680000,1736089394213
2018296524,3626.84000000,0.72200000,1736089394213
2018296525,3626.84000000,0.00300000,1736089394213
2018296526,3626.84000000,1.80300000,1736089394213
2018296527,3626.84000000,2.78480000,1736089394213
2018296528,3626.84000000,0.00600000,1736089394213
2018296529,3626.84000000,0.00300000,1736089394213
2018296530,3626.84000000,0.00200000,1736089394213
2018296531,3626.84000000,0.00160000,1736089394213
2018296532,3626.84000000,0.00150000,1736089394213
2018296533,3626.84000000,6.38350000,1736089394213
2018296534,3626.84000000,0.00300000,1736089394213
2018296535,3626.85000000,0.55200000,1736089394213
2018296536,3626.85000000,0.00300000,1736089394213
2018296537,3626.85000000,0.00200000,1736089394213
2018296538,3626.85000000,0.00300000,1736089394213
2018296539,3626.87000000,0.00280000,1736089394213
2018296540,3626.87000000,0.00160000,1736089394213
2018296541,3626.87000000,0.00300000,1736089394213
2018296542,3626.87000000,0.00200000,1736089394213
2018296543,3626.87000000,0.00150000,1736089394213
2018296544,3626.87000000,0.00300000,1736089394213
2018296545,3626.89000000,0.00300000,1736089394213
2018296546,3626.89000000,0.00200000,1736089394213
2018296547,3626.89000000,2.73050000,1736089394213
2018296548,3626.89000000,0.00300000,1736089394213
2018296549,3626.90000000,0.00140000,1736089394213
2018296550,3626.90000000,0.00200000,1736089394213
2018296551,3626.90000000,0.00300000,1736089394213
2018296552,3626.90000000,2.48200000,1736089394213
2018296553,3626.90000000,0.00300000,1736089394213
2018296554,3626.93000000,0.00160000,1736089394213
2018296555,3626.93000000,0.00200000,1736089394213
2018296556,3626.94000000,0.00140000,1736089394213
2018296557,3626.94000000,0.00200000,1736089394213
2018296558,3626.94000000,2.35000000,1736089394213
2018296559,3626.98000000,0.00200000,1736089394213
2018296560,3626.99000000,0.00200000,1736089394213
2018296561,3626.99000000,0.00140000,1736089394213
2018296562,3626.99000000,0.00140000,1736089394213
2018296563,3626.99000000,0.00140000,1736089394213
2018296564,3626.99000000,0.00140000,1736089394213
2018296565,3626.99000000,0.00140000,1736089394213
2018296566,3626.99000000,0.00140000,1736089394213
2018296567,3626.99000000,0.00140000,1736089394213
2018296568,3626.99000000,0.00140000,1736089394213
2018296569,3626.99000000,0.00140000,1736089394213
2018296570,3626.99000000,0.00140000,1736089394213
2018296571,3627.00000000,0.27570000,1736089394213
2018296572,3627.00000000,2.86900000,1736089394213
2018296573,3627.00000000,0.55200000,1736089394213
2018296574,3627.00000000,0.55200000,1736089394213
2018296575,3627.00000000,0.00200000,1736089394213
2018296576,3627.03000000,0.00160000,1736089394213
2018296577,3627.03000000,0.00140000,1736089394213
2018296578,3627.03000000,3.51140000,1736089394213
2018296579,3627.03000000,0.00200000,1736089394213
2018296580,3627.03000000,0.00140000,1736089394213
2018296581,3627.03000000,0.00140000,1736089394213
2018296582,3627.03000000,0.00140000,1736089394213
2018296583,3627.03000000,0.00140000,1736089394213
2018296584,3627.03000000,0.00140000,1736089394213
2018296585,3627.03000000,0.00140000,1736089394213
2018296586,3627.03000000,0.00140000,1736089394213
2018296587,3627.03000000,0.00140000,1736089394213
2018296588,3627.03000000,0.00140000,1736089394213
2018296589,3627.04000000,2.77890000,1736089394213
2018296590,3627.05000000,4.95000000,1736089394213
2018296591,3627.05000000,0.00280000,1736089394213
2018296592,3627.06000000,3.95900000,1736089394213
2018296593,3627.11000000,1.10650000,1736089394213
2018296594,3627.14000000,0.00400000,1736089394213
2018296595,3627.14000000,0.02100000,1736089394213
2018296596,3627.15000000,0.00210000,1736089394213
2018296597,3627.17000000,3.57630000,1736089394213
2018296598,3627.17000000,0.00150000,1736089396200
2018296599,3627.17000000,0.01240000,1736089396200
2018296600,3627.17000000,0.01360000,1736089396374
2018296601,3627.17000000,1.45580000,1736089396399
2018296602,3627.16000000,0.00300000,1736089396826
2018296603,3627.16000000,3.39700000,1736089396826
2018296604,3627.17000000,0.00420000,1736089398640
2018296605,3627.17000000,0.00190000,1736089399486
2018296606,3627.17000000,0.00200000,1736089401448
2018296607,3627.17000000,0.00290000,1736089401448
2018296608,3627.17000000,0.00010000,1736089401917
2018296609,3627.17000000,0.01290000,1736089401917
2018296610,3627.17000000,0.00780000,1736089401917
2018296611,3627.17000000,0.14840000,1736089401917
2018296612,3627.17000000,0.02560000,1736089401917
2018296613,3627.17000000,0.00300000,1736089401917
2018296614,3627.18000000,0.00300000,1736089401917
2018296615,3627.18000000,0.00200000,1736089401917
2018296616,3627.18000000,0.00300000,1736089401917
2018296617,3627.19000000,0.00140000,1736089401917
2018296618,3627.19000000,0.00300000,1736089401917
2018296619,3627.19000000,0.00200000,1736089401917
2018296620,3627.19000000,0.00300000,1736089401917
2018296621,3627.20000000,0.00200000,1736089401917
2018296622,3627.20000000,0.00300000,1736089401917
2018296623,3627.20000000,0.00300000,1736089401917
2018296624,3627.22000000,0.00200000,1736089401917
2018296625,3627.22000000,0.00300000,1736089401917
2018296626,3627.22000000,0.00300000,1736089401917
2018296627,3627.23000000,0.00280000,1736089401917
2018296628,3627.23000000,0.00200000,1736089401917
2018296629,3627.23000000,0.00140000,1736089401917
2018296630,3627.25000000,0.00290000,1736089401917
2018296631,3627.25000000,0.00200000,1736089401917
2018296632,3627.26000000,0.00200000,1736089401917
2018296633,3627.26000000,0.00140000,1736089401917
2018296634,3627.26000000,0.00140000,1736089401917
2018296635,3627.26000000,0.00140000,1736089401917
2018296636,3627.26000000,0.00140000,1736089401917
2018296637,3627.26000000,0.00140000,1736089401917
2018296638,3627.26000000,0.00140000,1736089401917
2018296639,3627.26000000,0.00140000,1736089401917
2018296640,3627.26000000,0.00140000,1736089401917
2018296641,3627.26000000,0.00140000,1736089401917
2018296642,3627.26000000,0.00140000,1736089401917
2018296643,3627.27000000,0.00140000,1736089401917
2018296644,3627.27000000,0.00200000,1736089401917
2018296645,3627.31000000,0.00200000,1736089401917
2018296646,3627.33000000,0.00200000,1736089401917
2018296647,3627.34000000,0.00690000,1736089401917
2018296648,3627.34000000,0.00140000,1736089401917
2018296649,3627.35000000,0.00150000,1736089401917
2018296650,3627.35000000,0.00170000,1736089401917
2018296651,3627.35000000,0.00170000,1736089401917
2018296652,3627.35000000,0.00170000,1736089401917
2018296653,3627.35000000,0.00170000,1736089401917
2018296654,3627.36000000,0.00630000,1736089402659
2018296655,3627.35000000,0.07930000,1736089402699
2018296656,3627.35000000,0.06090000,1736089402975
2018296657,3627.35000000,0.03270000,1736089403128
