Trade ID,Price,Quantity,Time
57781921,1553.00000000,0.38390000,1736086984102
57781922,1553.00000000,0.48010000,1736086984102
57781923,1553.00000000,0.17590000,1736086984103
57781924,1553.00000000,0.16100000,1736086984103
57781925,1553.00000000,0.16100000,1736086984103
57781926,1553.00000000,0.32200000,1736086984103
57781927,1553.00000000,0.14650000,1736086984103
57781928,1553.00000000,0.00710000,1736086984107
57781929,1552.00000000,0.10000000,1736086985077
57781930,1552.00000000,0.04060000,1736086985078
57781931,1552.00000000,0.00940000,1736086985081
57781932,1552.00000000,0.02030000,1736086985081
57781933,1552.00000000,0.03460000,1736086985081
57781934,1552.00000000,0.06430000,1736086985082
57781935,1552.00000000,0.00940000,1736086985082
57781936,1552.00000000,0.00940000,1736086985082
57781937,1552.00000000,0.05670000,1736086985083
57781938,1552.00000000,0.05670000,1736086985083
57781939,1552.00000000,0.05670000,1736086985083
57781940,1552.00000000,0.05670000,1736086985084
57781941,1552.00000000,0.05670000,1736086985084
57781942,1552.00000000,0.05670000,1736086985084
57781943,1552.00000000,0.03710000,1736086985084
57781944,1552.00000000,0.01960000,1736086985084
57781945,1552.00000000,0.09650000,1736086985084
57781946,1552.00000000,0.05670000,1736086985084
57781947,1552.00000000,0.09650000,1736086985084
57781948,1552.00000000,0.02030000,1736086985084
57781949,1552.00000000,0.03640000,1736086985084
57781950,1552.00000000,0.03220000,1736086985084
57781951,1553.00000000,0.34140000,1736086985085
57781952,1553.00000000,0.14790000,1736086985085
57781953,1553.00000000,0.14790000,1736086985085
57781954,1553.00000000,0.16100000,1736086985085
57781955,1553.00000000,0.16820000,1736086985085
57781956,1553.00000000,0.28780000,1736086985086
57781957,1553.00000000,0.16100000,1736086985086
57781958,1553.00000000,0.16100000,1736086985086
57781959,1553.00000000,0.16100000,1736086985086
57781960,1553.00000000,0.17270000,1736086985086
57781961,1553.00000000,0.00710000,1736086985089
57781962,1553.00000000,0.14220000,1736086985091
57781963,1553.00000000,0.05780000,1736086985091
57781964,1553.00000000,0.00710000,1736086985095
57781965,1552.00000000,0.32980000,1736086985913
57781966,1552.00000000,0.05670000,1736086985914
57781967,1552.00000000,0.10850000,1736086985914
57781968,1553.00000000,0.09610000,1736086985914
57781969,1553.00000000,0.12520000,1736086985914
57781970,1552.00000000,0.38650000,1736086985915
57781971,1552.00000000,0.06650000,1736086985916
57781972,1553.00000000,0.18080000,1736086985916
57781973,1553.00000000,0.01600000,1736086985916
57781974,1553.00000000,0.32200000,1736086985916
57781975,1553.00000000,0.32200000,1736086985916
57781976,1553.00000000,0.24580000,1736086985916
57781977,1552.00000000,0.10000000,1736086987821
57781978,1553.00000000,0.01000000,1736086987884
57781979,1552.00000000,0.04670000,1736086991689
57781980,1553.00000000,0.06620000,1736087000971
57781981,1553.00000000,0.13380000,1736087000971
57781982,1553.00000000,0.22300000,1736087002585
57781983,1553.00000000,0.01800000,1736087002585
57781984,1553.00000000,0.02000000,1736087002585
57781985,1553.00000000,0.02300000,1736087002585
57781986,1553.00000000,0.01400000,1736087002585
57781987,1553.00000000,0.00300000,1736087002585
57781988,1553.00000000,0.01100000,1736087002587
57781989,1553.00000000,0.01300000,1736087002587
57781990,1553.00000000,0.02300000,1736087002587
57781991,1553.00000000,0.01400000,1736087002587
57781992,1553.00000000,0.00240000,1736087002587
57781993,1553.00000000,0.03060000,1736087002587
57781994,1553.00000000,0.01400000,1736087002587
57781995,1553.00000000,0.02510000,1736087002587
57781996,1553.00000000,0.02100000,1736087002587
57781997,1553.00000000,0.03000000,1736087002587
57781998,1553.00000000,0.02600000,1736087002587
57781999,1553.00000000,0.01800000,1736087002587
57782000,1553.00000000,0.04600000,1736087002587
57782001,1553.00000000,0.02300000,1736087002587
57782002,1553.00000000,0.02500000,1736087002587
57782003,1553.00000000,0.01900000,1736087002587
57782004,1553.00000000,0.01400000,1736087002587
57782005,1553.00000000,0.01400000,1736087002587
57782006,1553.00000000,0.02100000,1736087002587
57782007,1553.00000000,0.01900000,1736087002587
57782008,1553.00000000,0.01400000,1736087002587
57782009,1553.00000000,0.01400000,1736087002587
57782010,1553.00000000,0.14790000,1736087002587
57782011,1553.00000000,0.10000000,1736087002587
57782012,1553.00000000,0.01800000,1736087002587
57782013,1553.00000000,0.02800000,1736087002587
57782014,1553.00000000,0.02300000,1736087002587
57782015,1553.00000000,0.02300000,1736087002587
57782016,1553.00000000,0.02500000,1736087002587
57782017,1553.00000000,0.00390000,1736087002587
57782018,1553.00000000,0.02910000,1736087002588
57782019,1553.00000000,0.04400000,1736087002588
57782020,1553.00000000,0.01300000,1736087002588
57782021,1553.00000000,0.01300000,1736087002588
57782022,1553.00000000,0.02300000,1736087002588
57782023,1553.00000000,0.01400000,1736087002588
57782024,1553.00000000,0.02100000,1736087002588
57782025,1553.00000000,0.01700000,1736087002588
57782026,1553.00000000,0.01800000,1736087002588
57782027,1553.00000000,0.02500000,1736087002588
57782028,1553.00000000,0.01400000,1736087002588
57782029,1553.00000000,0.01800000,1736087002588
57782030,1553.00000000,0.01800000,1736087002588
57782031,1553.00000000,0.16100000,1736087002588
57782032,1554.00000000,0.01400000,1736087008591
57782033,1554.00000000,0.02100000,1736087008591
57782034,1555.00000000,0.12660000,1736087025915
57782035,1555.00000000,0.00350000,1736087044055
57782036,1555.00000000,0.00400000,1736087044055
57782037,1555.00000000,0.01200000,1736087044056
57782038,1555.00000000,0.03660000,1736087044056
57782039,1555.00000000,0.16000000,1736087044401
57782040,1555.00000000,0.06430000,1736087045283
57782041,1555.00000000,0.05620000,1736087045283
57782042,1556.00000000,0.05950000,1736087052986
57782043,1556.00000000,0.02200000,1736087053558
57782044,1556.00000000,0.01580000,1736087053644
57782045,1555.00000000,0.15650000,1736087057809
57782046,1556.00000000,0.04910000,1736087063096
57782047,1556.00000000,0.09650000,1736087067577
57782048,1556.00000000,0.05780000,1736087067577
57782049,1556.00000000,0.00400000,1736087082794
57782050,1556.00000000,0.10860000,1736087082794
57782051,1557.00000000,0.01040000,1736087089184
57782052,1556.00000000,0.49500000,1736087095861
57782053,1556.00000000,0.02800000,1736087095861
57782054,1556.00000000,0.02100000,1736087095861
57782055,1556.00000000,0.02100000,1736087095861
57782056,1556.00000000,0.01900000,1736087095861
57782057,1556.00000000,0.01400000,1736087095861
57782058,1556.00000000,0.01400000,1736087095861
57782059,1556.00000000,0.01400000,1736087095861
57782060,1556.00000000,0.02100000,1736087095861
57782061,1556.00000000,0.00670000,1736087095861
57782062,1556.00000000,0.38390000,1736087095861
57782063,1556.00000000,0.02300000,1736087095861
57782064,1556.00000000,0.04600000,1736087095861
57782065,1556.00000000,0.02300000,1736087095861
57782066,1556.00000000,0.01800000,1736087095861
57782067,1556.00000000,0.01400000,1736087095861
57782068,1556.00000000,0.01900000,1736087095861
57782069,1556.00000000,0.01800000,1736087095861
57782070,1556.00000000,0.02500000,1736087095861
57782071,1556.00000000,0.03000000,1736087095861
57782072,1556.00000000,0.01700000,1736087095861
57782073,1556.00000000,0.01400000,1736087095861
57782074,1556.00000000,0.02300000,1736087095861
57782075,1556.00000000,0.01800000,1736087095861
57782076,1556.00000000,0.02600000,1736087095861
57782077,1556.00000000,0.01400000,1736087095861
57782078,1556.00000000,0.01400000,1736087095861
57782079,1556.00000000,0.05780000,1736087095861
57782080,1556.00000000,0.03160000,1736087095861
57782081,1557.00000000,0.09630000,1736087127510
57782082,1557.00000000,0.02100000,1736087127510
57782083,1557.00000000,0.01400000,1736087127510
57782084,1557.00000000,0.13250000,1736087127510
57782085,1557.00000000,1.24420000,1736087168652
57782086,1557.00000000,0.13100000,1736087168652
57782087,1557.00000000,0.31920000,1736087168652
57782088,1557.00000000,1.60600000,1736087168652
57782089,1557.00000000,0.49500000,1736087168652
57782090,1557.00000000,0.19200000,1736087168652
57782091,1557.00000000,0.19500000,1736087168652
57782092,1557.00000000,0.13200000,1736087168655
57782093,1557.00000000,1.06380000,1736087169097
57782094,1557.00000000,0.13110000,1736087169101
57782095,1557.00000000,0.00510000,1736087169101
57782096,1557.00000000,0.61780000,1736087172662
57782097,1557.00000000,0.62940000,1736087172662
57782098,1557.00000000,0.49500000,1736087172662
57782099,1557.00000000,0.13600000,1736087172662
57782100,1557.00000000,0.31920000,1736087172662
57782101,1557.00000000,1.60600000,1736087172662
57782102,1557.00000000,0.75400000,1736087179590
57782103,1557.00000000,0.49500000,1736087179590
57782104,1557.00000000,0.49500000,1736087179590
57782105,1557.00000000,0.62940000,1736087179590
57782106,1558.00000000,0.01280000,1736087179590
57782107,1558.00000000,0.49500000,1736087179590
57782108,1558.00000000,0.38390000,1736087179590
57782109,1558.00000000,0.10000000,1736087179590
57782110,1558.00000000,0.01520000,1736087179590
57782111,1556.00000000,0.03900000,1736087183316
57782112,1556.00000000,0.26900000,1736087183316
57782113,1556.00000000,0.63200000,1736087183316
57782114,1556.00000000,0.56500000,1736087183316
57782115,1556.00000000,0.31920000,1736087183316
57782116,1556.00000000,0.49500000,1736087183316
57782117,1556.00000000,0.19410000,1736087183316
57782118,1556.00000000,1.60610000,1736087183316
57782119,1556.00000000,0.32130000,1736087183316
57782120,1556.00000000,0.19070000,1736087183316
57782121,1556.00000000,0.01560000,1736087183316
57782122,1556.00000000,0.01400000,1736087183316
57782123,1556.00000000,0.01800000,1736087183316
57782124,1556.00000000,0.02500000,1736087183316
57782125,1556.00000000,0.02500000,1736087183316
57782126,1556.00000000,0.02900000,1736087183316
57782127,1556.00000000,0.01300000,1736087183316
57782128,1556.00000000,0.02900000,1736087183316
57782129,1556.00000000,0.01400000,1736087183316
57782130,1556.00000000,0.01400000,1736087183316
57782131,1556.00000000,0.01400000,1736087183316
57782132,1556.00000000,0.01100000,1736087183316
57782133,1556.00000000,0.49500000,1736087188230
57782134,1556.00000000,0.49500000,1736087188230
57782135,1556.00000000,0.00370000,1736087188230
57782136,1556.00000000,0.28300000,1736087188230
57782137,1555.00000000,0.59750000,1736087188230
57782138,1555.00000000,0.18360000,1736087188230
57782139,1555.00000000,0.31140000,1736087219172
57782140,1555.00000000,0.19140000,1736087219172
57782141,1555.00000000,0.09640000,1736087219172
57782142,1555.00000000,0.49500000,1736087219172
57782143,1555.00000000,0.38390000,1736087219172
57782144,1555.00000000,0.32150000,1736087219172
57782145,1555.00000000,0.39700000,1736087219172
57782146,1555.00000000,0.16950000,1736087219172
57782147,1555.00000000,1.60720000,1736087219172
57782148,1555.00000000,0.04500000,1736087219172
57782149,1555.00000000,0.02900000,1736087219172
57782150,1555.00000000,0.02100000,1736087219172
57782151,1555.00000000,0.03300000,1736087219172
57782152,1555.00000000,0.02500000,1736087219172
57782153,1555.00000000,0.02300000,1736087219172
57782154,1555.00000000,0.04400000,1736087219172
57782155,1555.00000000,0.01400000,1736087219172
57782156,1555.00000000,0.01400000,1736087219172
57782157,1555.00000000,0.02900000,1736087219172
57782158,1555.00000000,0.02500000,1736087219172
57782159,1555.00000000,0.01800000,1736087219172
57782160,1555.00000000,0.01400000,1736087219172
57782161,1555.00000000,0.01800000,1736087219172
57782162,1555.00000000,0.01800000,1736087219172
57782163,1555.00000000,0.02600000,1736087219172
57782164,1555.00000000,0.01700000,1736087219172
57782165,1555.00000000,0.01800000,1736087219172
57782166,1555.00000000,0.02800000,1736087219172
57782167,1555.00000000,0.01400000,1736087219172
57782168,1555.00000000,0.01800000,1736087219172
57782169,1555.00000000,0.02300000,1736087219172
57782170,1555.00000000,0.03000000,1736087219172
57782171,1555.00000000,0.03300000,1736087219172
57782172,1555.00000000,0.04500000,1736087219172
57782173,1555.00000000,0.01800000,1736087219172
57782174,1555.00000000,0.02300000,1736087219172
57782175,1555.00000000,0.02100000,1736087219172
57782176,1555.00000000,0.01400000,1736087219172
57782177,1555.00000000,0.01400000,1736087219172
57782178,1555.00000000,0.02300000,1736087219172
57782179,1555.00000000,0.01900000,1736087219172
57782180,1555.00000000,0.02900000,1736087219172
57782181,1555.00000000,0.02900000,1736087219172
57782182,1555.00000000,0.01400000,1736087219172
57782183,1555.00000000,0.01300000,1736087219172
57782184,1555.00000000,0.04600000,1736087219172
57782185,1555.00000000,0.02300000,1736087219172
57782186,1555.00000000,0.01900000,1736087219172
57782187,1555.00000000,0.22600000,1736087219172
57782188,1555.00000000,0.38580000,1736087219175
57782189,1555.00000000,0.38580000,1736087219175
57782190,1555.00000000,0.01300000,1736087219176
57782191,1555.00000000,0.50980000,1736087219176
57782192,1555.00000000,0.38580000,1736087219226
57782193,1555.00000000,0.38580000,1736087219227
57782194,1555.00000000,0.01690000,1736087219265
57782195,1555.00000000,0.38580000,1736087219284
57782196,1555.00000000,0.38580000,1736087219285
57782197,1555.00000000,0.01690000,1736087219321
57782198,1555.00000000,0.38580000,1736087219341
57782199,1555.00000000,0.38580000,1736087219342
57782200,1555.00000000,0.38580000,1736087219395
57782201,1555.00000000,0.38580000,1736087219396
57782202,1555.00000000,0.38580000,1736087219447
57782203,1555.00000000,0.38580000,1736087219448
57782204,1555.00000000,0.38580000,1736087219549
57782205,1555.00000000,0.38580000,1736087219550
57782206,1555.00000000,2.84080000,1736087221791
57782207,1555.00000000,0.14770000,1736087221791
57782208,1555.00000000,0.02900000,1736087221791
57782209,1555.00000000,0.20000000,1736087224093
57782210,1555.00000000,0.49500000,1736087227239
57782211,1555.00000000,0.03510000,1736087227239
57782212,1555.00000000,0.49500000,1736087227239
57782213,1555.00000000,0.01210000,1736087227239
57782214,1555.00000000,0.13320000,1736087227239
57782215,1555.00000000,0.22460000,1736087227239
57782216,1554.00000000,0.06430000,1736087227239
57782217,1554.00000000,0.19280000,1736087227239
57782218,1554.00000000,0.05790000,1736087227239
57782219,1554.00000000,0.13280000,1736087227239
57782220,1554.00000000,0.06430000,1736087227239
57782221,1554.00000000,0.38390000,1736087227239
57782222,1554.00000000,0.49500000,1736087227239
57782223,1554.00000000,0.32170000,1736087227239
57782224,1554.00000000,0.31920000,1736087227239
57782225,1554.00000000,0.20000000,1736087227239
57782226,1554.00000000,1.30000000,1736087227239
57782227,1554.00000000,0.64600000,1736087227239
57782228,1554.00000000,5.58160000,1736087227239
57782229,1554.00000000,1.94390000,1736087227239
57782230,1554.00000000,0.80300000,1736087227239
57782231,1554.00000000,1.60830000,1736087227239
57782232,1554.00000000,0.00490000,1736087227239
57782233,1554.00000000,0.00490000,1736087227239
57782234,1554.00000000,0.25030000,1736087227239
57782235,1554.00000000,0.15070000,1736087227239
57782236,1554.00000000,1.38390000,1736087227239
57782237,1555.00000000,0.02900000,1736087228388
57782238,1556.00000000,0.02000000,1736087236009
57782239,1555.00000000,0.29830000,1736087236741
57782240,1555.00000000,0.01760000,1736087236741
57782241,1555.00000000,0.49500000,1736087236741
57782242,1555.00000000,0.75400000,1736087236741
57782243,1555.00000000,0.49500000,1736087236741
57782244,1555.00000000,0.17280000,1736087236741
57782245,1554.00000000,0.75400000,1736087236741
57782246,1554.00000000,0.49500000,1736087236741
57782247,1554.00000000,0.49500000,1736087236741
57782248,1554.00000000,0.01580000,1736087236741
57782249,1554.00000000,0.31920000,1736087236741
57782250,1554.00000000,1.87850000,1736087236741
57782251,1554.00000000,0.20000000,1736087236741
57782252,1554.00000000,0.80300000,1736087236741
57782253,1554.00000000,3.18610000,1736087236741
57782254,1554.00000000,0.00490000,1736087236741
57782255,1554.00000000,0.34600000,1736087236741
57782256,1554.00000000,0.00490000,1736087236741
57782257,1554.00000000,0.25900000,1736087236741
57782258,1554.00000000,1.60840000,1736087236741
57782259,1554.00000000,1.82600000,1736087236741
57782260,1554.00000000,0.08520000,1736087236743
57782261,1555.00000000,0.14250000,1736087236743
57782262,1555.00000000,0.22770000,1736087236744
57782263,1555.00000000,0.05080000,1736087236744
57782264,1555.00000000,0.17690000,1736087236744
57782265,1555.00000000,0.00400000,1736087236744
57782266,1555.00000000,0.00710000,1736087236749
57782267,1555.00000000,0.01690000,1736087236781
57782268,1555.00000000,0.01690000,1736087236848
57782269,1555.00000000,0.75400000,1736087240275
57782270,1555.00000000,0.32710000,1736087261979
57782271,1555.00000000,0.33520000,1736087262928
57782272,1555.00000000,0.38580000,1736087262932
57782273,1555.00000000,0.38580000,1736087262933
57782274,1555.00000000,0.20000000,1736087262986
57782275,1555.00000000,0.18580000,1736087262986
57782276,1555.00000000,0.38580000,1736087262987
57782277,1555.00000000,0.01690000,1736087263037
57782278,1555.00000000,0.16550000,1736087263039
57782279,1555.00000000,0.22030000,1736087263039
57782280,1555.00000000,0.38580000,1736087263040
57782281,1554.00000000,0.49500000,1736087263810
57782282,1554.00000000,0.49500000,1736087263810
57782283,1554.00000000,1.87850000,1736087263810
57782284,1554.00000000,0.31920000,1736087263810
57782285,1554.00000000,0.38390000,1736087263810
57782286,1554.00000000,1.60820000,1736087263810
57782287,1554.00000000,0.15000000,1736087263810
57782288,1554.00000000,0.20000000,1736087263810
57782289,1554.00000000,0.01400000,1736087263810
57782290,1554.00000000,0.02500000,1736087263810
57782291,1554.00000000,0.03300000,1736087263810
57782292,1554.00000000,0.01800000,1736087263810
57782293,1554.00000000,0.02300000,1736087263810
57782294,1554.00000000,0.01400000,1736087263810
57782295,1554.00000000,0.02500000,1736087263810
57782296,1554.00000000,0.04600000,1736087263810
57782297,1554.00000000,0.02300000,1736087263810
57782298,1554.00000000,0.01900000,1736087263810
57782299,1554.00000000,0.02300000,1736087263810
57782300,1554.00000000,0.01800000,1736087263810
57782301,1554.00000000,0.01400000,1736087263810
57782302,1554.00000000,0.01400000,1736087263810
57782303,1554.00000000,0.02100000,1736087263810
57782304,1554.00000000,0.02100000,1736087263810
57782305,1554.00000000,0.02300000,1736087263810
57782306,1554.00000000,0.01400000,1736087263810
57782307,1554.00000000,0.03000000,1736087263810
57782308,1554.00000000,0.02800000,1736087263810
57782309,1554.00000000,0.01400000,1736087263810
57782310,1554.00000000,0.04400000,1736087263810
57782311,1554.00000000,0.02900000,1736087263810
57782312,1554.00000000,0.03300000,1736087263810
57782313,1554.00000000,0.01400000,1736087263810
57782314,1554.00000000,0.01400000,1736087263810
57782315,1554.00000000,0.02600000,1736087263810
57782316,1554.00000000,0.39000000,1736087263810
57782317,1554.00000000,0.02900000,1736087263810
57782318,1554.00000000,0.02900000,1736087263810
57782319,1554.00000000,0.02900000,1736087263810
57782320,1554.00000000,0.01400000,1736087263810
57782321,1554.00000000,0.01800000,1736087263810
57782322,1554.00000000,0.02500000,1736087263810
57782323,1554.00000000,6.80430000,1736087263812
57782324,1554.00000000,0.30770000,1736087263812
57782325,1554.00000000,0.38610000,1736087263812
57782326,1554.00000000,0.03210000,1736087263812
57782327,1554.00000000,0.05660000,1736087263812
57782328,1554.00000000,1.04000000,1736087263812
57782329,1554.00000000,0.00840000,1736087263812
57782330,1555.00000000,1.00200000,1736087263813
57782331,1555.00000000,0.08920000,1736087263813
57782332,1555.00000000,0.01690000,1736087271972
57782333,1555.00000000,0.01690000,1736087272045
57782334,1555.00000000,0.01690000,1736087272098
57782335,1555.00000000,0.01690000,1736087272153
57782336,1555.00000000,0.01690000,1736087273768
57782337,1555.00000000,0.01690000,1736087273835
57782338,1554.00000000,0.49500000,1736087278480
57782339,1554.00000000,0.75400000,1736087278480
57782340,1554.00000000,0.01800000,1736087278480
57782341,1554.00000000,0.02500000,1736087278480
57782342,1554.00000000,0.01300000,1736087278480
57782343,1554.00000000,0.02900000,1736087278480
57782344,1554.00000000,0.02000000,1736087278480
57782345,1554.00000000,0.01400000,1736087278480
57782346,1554.00000000,0.01300000,1736087278480
57782347,1554.00000000,0.01300000,1736087278480
57782348,1554.00000000,0.01400000,1736087278480
57782349,1554.00000000,0.01800000,1736087278480
57782350,1554.00000000,0.01800000,1736087278480
57782351,1554.00000000,0.02300000,1736087278480
57782352,1554.00000000,0.11960000,1736087278480
57782353,1554.00000000,1.60910000,1736087278480
57782354,1554.00000000,0.15000000,1736087278480
57782355,1554.00000000,0.10000000,1736087278480
57782356,1554.00000000,0.04500000,1736087278480
57782357,1554.00000000,0.01400000,1736087278480
57782358,1554.00000000,0.03300000,1736087278480
57782359,1554.00000000,0.02600000,1736087278480
57782360,1554.00000000,0.01900000,1736087278480
57782361,1554.00000000,0.02300000,1736087278480
57782362,1554.00000000,0.01800000,1736087278480
57782363,1554.00000000,0.02500000,1736087278480
57782364,1554.00000000,0.04600000,1736087278480
57782365,1554.00000000,0.01400000,1736087278480
57782366,1554.00000000,0.02900000,1736087278480
57782367,1554.00000000,0.03000000,1736087278480
57782368,1554.00000000,0.01400000,1736087278480
57782369,1554.00000000,0.02300000,1736087278480
57782370,1554.00000000,0.03300000,1736087278480
57782371,1554.00000000,0.01700000,1736087278480
57782372,1554.00000000,0.01400000,1736087278480
57782373,1554.00000000,0.02300000,1736087278480
57782374,1554.00000000,0.01400000,1736087278480
57782375,1554.00000000,0.01900000,1736087278480
57782376,1554.00000000,0.01400000,1736087278480
57782377,1554.00000000,0.02100000,1736087278480
57782378,1554.00000000,0.02100000,1736087278480
57782379,1554.00000000,0.02800000,1736087278480
57782380,1554.00000000,0.01400000,1736087278480
57782381,1554.00000000,0.04400000,1736087278480
57782382,1554.00000000,0.02300000,1736087278480
57782383,1554.00000000,0.02100000,1736087278480
57782384,1554.00000000,0.49500000,1736087281578
57782385,1554.00000000,0.01800000,1736087281578
57782386,1554.00000000,0.01400000,1736087281578
57782387,1554.00000000,0.01800000,1736087281578
57782388,1554.00000000,0.02000000,1736087281578
57782389,1554.00000000,0.01800000,1736087281578
57782390,1554.00000000,0.03300000,1736087281578
57782391,1554.00000000,0.01800000,1736087281578
57782392,1554.00000000,0.01700000,1736087281578
57782393,1554.00000000,0.01400000,1736087281578
57782394,1554.00000000,0.01800000,1736087281578
57782395,1554.00000000,0.01400000,1736087281578
57782396,1554.00000000,0.01220000,1736087281578
57782397,1554.00000000,0.01780000,1736087283121
57782398,1554.00000000,1.60910000,1736087283121
57782399,1554.00000000,0.15770000,1736087283121
57782400,1554.00000000,0.49500000,1736087283121
57782401,1554.00000000,0.10000000,1736087283121
57782402,1554.00000000,0.01800000,1736087283121
57782403,1554.00000000,0.01400000,1736087283121
57782404,1554.00000000,0.01800000,1736087283121
57782405,1554.00000000,0.02300000,1736087283121
57782406,1554.00000000,0.01400000,1736087283121
57782407,1554.00000000,0.02300000,1736087283121
57782408,1554.00000000,0.01800000,1736087283121
57782409,1554.00000000,0.02300000,1736087283121
57782410,1554.00000000,0.02300000,1736087283121
57782411,1554.00000000,0.02600000,1736087283121
57782412,1554.00000000,0.01400000,1736087283121
57782413,1554.00000000,0.01700000,1736087283121
57782414,1554.00000000,0.02500000,1736087283121
57782415,1553.00000000,0.49500000,1736087283121
57782416,1553.00000000,0.31920000,1736087283121
57782417,1553.00000000,0.80300000,1736087283121
57782418,1553.00000000,1.04070000,1736087283121
57782419,1553.00000000,0.05790000,1736087283121
57782420,1553.00000000,0.09650000,1736087283121
57782421,1553.00000000,0.05790000,1736087283121
57782422,1553.00000000,0.38390000,1736087283121
57782423,1553.00000000,0.78160000,1736087283121
57782424,1553.00000000,0.00490000,1736087283121
57782425,1553.00000000,0.00490000,1736087283121
57782426,1553.00000000,4.41880000,1736087283121
57782427,1553.00000000,0.39000000,1736087283121
57782428,1553.00000000,1.60950000,1736087283121
57782429,1553.00000000,0.25040000,1736087283121
57782430,1553.00000000,0.16080000,1736087283121
57782431,1553.00000000,0.25790000,1736087283121
57782432,1553.00000000,0.80550000,1736087283121
57782433,1555.00000000,0.19020000,1736087283123
57782434,1555.00000000,0.02900000,1736087283123
57782435,1555.00000000,0.02900000,1736087283123
57782436,1555.00000000,0.26260000,1736087283123
57782437,1555.00000000,0.49140000,1736087283124
57782438,1555.00000000,0.01940000,1736087283124
57782439,1555.00000000,0.30770000,1736087283124
57782440,1555.00000000,0.01690000,1736087283189
57782441,1555.00000000,0.01690000,1736087283248
57782442,1555.00000000,0.01690000,1736087283315
57782443,1555.00000000,0.01690000,1736087283368
57782444,1555.00000000,0.01690000,1736087283430
57782445,1555.00000000,0.01690000,1736087283667
57782446,1555.00000000,0.49500000,1736087286757
57782447,1554.00000000,0.49500000,1736087286757
57782448,1554.00000000,0.67930000,1736087286757
57782449,1554.00000000,0.49500000,1736087286757
57782450,1554.00000000,0.75400000,1736087286757
57782451,1554.00000000,0.15000000,1736087286757
57782452,1554.00000000,0.10000000,1736087286757
57782453,1554.00000000,0.38390000,1736087286757
57782454,1554.00000000,0.01400000,1736087286757
57782455,1554.00000000,0.19940000,1736087286757
57782456,1554.00000000,0.01800000,1736087286757
57782457,1554.00000000,0.01400000,1736087286757
57782458,1554.00000000,0.01400000,1736087286757
57782459,1554.00000000,0.01300000,1736087286757
57782460,1554.00000000,0.18910000,1736087286757
57782461,1555.00000000,0.01690000,1736087286950
57782462,1555.00000000,0.22480000,1736087296509
57782463,1554.00000000,0.49500000,1736087298788
57782464,1554.00000000,0.15590000,1736087298788
57782465,1554.00000000,0.49500000,1736087298788
57782466,1554.00000000,0.20410000,1736087298788
57782467,1554.00000000,0.04120000,1736087298793
57782468,1555.00000000,0.11700000,1736087298793
57782469,1555.00000000,0.13630000,1736087298793
57782470,1555.00000000,0.02190000,1736087298793
57782471,1555.00000000,0.15820000,1736087298793
57782472,1555.00000000,0.12530000,1736087298796
57782473,1555.00000000,0.00710000,1736087298799
57782474,1555.00000000,0.01690000,1736087298841
57782475,1555.00000000,0.01690000,1736087300468
57782476,1555.00000000,0.01690000,1736087300527
57782477,1554.00000000,0.49500000,1736087301169
57782478,1554.00000000,0.00880000,1736087301169
57782479,1554.00000000,0.75400000,1736087301169
57782480,1555.00000000,0.42360000,1736087302863
57782481,1554.00000000,0.01400000,1736087303420
57782482,1554.00000000,0.02000000,1736087303420
57782483,1554.00000000,0.01800000,1736087303420
57782484,1554.00000000,0.01400000,1736087303420
57782485,1554.00000000,0.02300000,1736087303420
57782486,1554.00000000,0.02300000,1736087303420
57782487,1554.00000000,0.03000000,1736087303420
57782488,1554.00000000,0.01400000,1736087303420
57782489,1554.00000000,0.02300000,1736087303420
57782490,1554.00000000,0.01800000,1736087303420
57782491,1554.00000000,0.01800000,1736087303420
57782492,1554.00000000,0.02300000,1736087303420
57782493,1554.00000000,0.01400000,1736087303420
57782494,1554.00000000,0.01400000,1736087303420
57782495,1554.00000000,1.60910000,1736087303420
57782496,1554.00000000,0.17730000,1736087303420
57782497,1554.00000000,0.02600000,1736087303420
57782498,1554.00000000,0.02500000,1736087303420
57782499,1554.00000000,0.01400000,1736087303420
57782500,1554.00000000,0.01900000,1736087303420
57782501,1554.00000000,0.01400000,1736087303420
57782502,1554.00000000,0.02100000,1736087303420
57782503,1554.00000000,0.02800000,1736087303420
57782504,1554.00000000,0.02100000,1736087303420
57782505,1554.00000000,0.01400000,1736087303420
57782506,1554.00000000,0.01400000,1736087303420
57782507,1554.00000000,0.02100000,1736087303420
57782508,1554.00000000,0.20000000,1736087303420
57782509,1554.00000000,0.02900000,1736087303420
57782510,1554.00000000,0.04600000,1736087303420
57782511,1554.00000000,0.03300000,1736087303420
57782512,1554.00000000,0.02300000,1736087303420
57782513,1554.00000000,0.31920000,1736087303420
57782514,1554.00000000,0.41300000,1736087303420
57782515,1554.00000000,0.04400000,1736087303420
57782516,1554.00000000,0.25790000,1736087303420
57782517,1554.00000000,0.00430000,1736087303420
57782518,1555.00000000,0.29660000,1736087305054
57782519,1555.00000000,0.38390000,1736087305054
57782520,1555.00000000,0.20260000,1736087305054
57782521,1555.00000000,0.01400000,1736087305054
57782522,1555.00000000,0.01400000,1736087305054
57782523,1555.00000000,0.38890000,1736087305054
57782524,1555.00000000,0.01690000,1736087305117
57782525,1555.00000000,0.07620000,1736087305456
57782526,1555.00000000,0.01690000,1736087305516
57782527,1554.00000000,0.01800000,1736087305678
57782528,1554.00000000,0.02500000,1736087305678
57782529,1554.00000000,5.66040000,1736087305678
57782530,1554.00000000,0.49500000,1736087305678
57782531,1554.00000000,0.75400000,1736087305678
57782532,1554.00000000,0.02300000,1736087305678
57782533,1554.00000000,0.02500000,1736087305678
57782534,1554.00000000,0.01300000,1736087305678
57782535,1554.00000000,0.01300000,1736087305678
57782536,1554.00000000,0.01800000,1736087305678
57782537,1554.00000000,0.02100000,1736087305678
57782538,1554.00000000,0.01400000,1736087305678
57782539,1554.00000000,0.01400000,1736087305678
57782540,1554.00000000,0.02100000,1736087305678
57782541,1554.00000000,0.06100000,1736087305678
57782542,1555.00000000,0.01690000,1736087305731
57782543,1555.00000000,0.01690000,1736087306534
57782544,1555.00000000,0.01690000,1736087306587
57782545,1555.00000000,0.01690000,1736087306653
57782546,1555.00000000,0.01690000,1736087306721
57782547,1555.00000000,0.01690000,1736087306768
57782548,1555.00000000,0.01690000,1736087307967
57782549,1554.00000000,0.49500000,1736087311792
57782550,1554.00000000,0.31640000,1736087311792
57782551,1554.00000000,0.02500000,1736087311792
57782552,1554.00000000,0.01800000,1736087311792
57782553,1554.00000000,0.01300000,1736087311792
57782554,1554.00000000,0.01700000,1736087311792
57782555,1554.00000000,0.01400000,1736087311792
57782556,1554.00000000,0.01400000,1736087311792
57782557,1554.00000000,0.02100000,1736087311792
57782558,1554.00000000,0.01400000,1736087311792
57782559,1554.00000000,0.01300000,1736087311792
57782560,1554.00000000,0.03300000,1736087311792
57782561,1554.00000000,0.02500000,1736087311792
57782562,1554.00000000,0.02900000,1736087311792
57782563,1554.00000000,0.02300000,1736087311792
57782564,1554.00000000,0.02100000,1736087311792
57782565,1554.00000000,0.17540000,1736087311792
57782566,1554.00000000,1.19970000,1736087311792
57782567,1555.00000000,0.01690000,1736087311849
57782568,1555.00000000,0.01690000,1736087313539
57782569,1555.00000000,0.05710000,1736087321185
57782570,1555.00000000,0.00430000,1736087321185
57782571,1555.00000000,0.02300000,1736087321185
57782572,1555.00000000,0.30140000,1736087321185
57782573,1555.00000000,0.38580000,1736087321186
57782574,1555.00000000,0.00710000,1736087321190
57782575,1555.00000000,0.00710000,1736087321198
57782576,1555.00000000,0.00710000,1736087321205
57782577,1555.00000000,0.00710000,1736087321213
57782578,1555.00000000,0.00710000,1736087321220
57782579,1555.00000000,0.00710000,1736087321226
57782580,1555.00000000,0.00710000,1736087321234
57782581,1555.00000000,0.01710000,1736087321236
57782582,1555.00000000,0.19500000,1736087321236
57782583,1555.00000000,0.13050000,1736087321236
57782584,1555.00000000,0.01690000,1736087321240
57782585,1555.00000000,0.00710000,1736087321241
57782586,1555.00000000,0.00710000,1736087321248
57782587,1555.00000000,0.05650000,1736087321254
57782588,1555.00000000,0.05650000,1736087321254
57782589,1555.00000000,0.05650000,1736087321254
57782590,1555.00000000,0.05650000,1736087321254
57782591,1555.00000000,0.05650000,1736087321254
57782592,1555.00000000,0.05650000,1736087321255
57782593,1555.00000000,0.05650000,1736087321255
57782594,1555.00000000,0.05650000,1736087321255
57782595,1555.00000000,0.05650000,1736087321255
57782596,1555.00000000,0.05650000,1736087321255
57782597,1555.00000000,0.05650000,1736087321255
57782598,1555.00000000,0.05650000,1736087321255
57782599,1555.00000000,0.05650000,1736087321256
57782600,1555.00000000,0.01950000,1736087321256
57782601,1556.00000000,0.27640000,1736087321258
57782602,1555.00000000,0.80300000,1736087321278
57782603,1555.00000000,0.05650000,1736087321278
57782604,1555.00000000,0.05650000,1736087321278
57782605,1555.00000000,0.05650000,1736087321278
57782606,1555.00000000,0.05650000,1736087321279
57782607,1555.00000000,0.00710000,1736087321281
57782608,1555.00000000,0.05650000,1736087321283
57782609,1555.00000000,0.05650000,1736087321283
57782610,1555.00000000,0.07380000,1736087321285
57782611,1556.00000000,0.00710000,1736087321291
57782612,1556.00000000,0.01260000,1736087321658
57782613,1556.00000000,0.01300000,1736087341343
57782614,1556.00000000,0.00830000,1736087344495
57782615,1556.00000000,0.02500000,1736087356538
57782616,1556.00000000,0.93220000,1736087356538
57782617,1556.00000000,0.00440000,1736087356544
57782618,1556.00000000,0.17550000,1736087356569
57782619,1556.00000000,0.49490000,1736087356570
57782620,1556.00000000,0.40500000,1736087356598
57782621,1556.00000000,0.38560000,1736087356599
57782622,1556.00000000,0.05650000,1736087356599
57782623,1556.00000000,0.16600000,1736087356599
57782624,1556.00000000,0.01250000,1736087356599
57782625,1556.00000000,0.02500000,1736087356599
57782626,1556.00000000,0.00830000,1736087356620
57782627,1557.00000000,0.19400000,1736087356620
57782628,1557.00000000,0.01000000,1736087360135
57782629,1557.00000000,0.05090000,1736087362507
57782630,1556.00000000,0.00840000,1736087380483
57782631,1555.00000000,0.01610000,1736087402133
57782632,1555.00000000,0.75400000,1736087427342
57782633,1555.00000000,0.23330000,1736087427342
57782634,1555.00000000,0.01270000,1736087427342
57782635,1554.00000000,0.01620000,1736087436323
57782636,1554.00000000,0.00720000,1736087437968
57782637,1555.00000000,0.00510000,1736087438435
57782638,1554.00000000,0.00640000,1736087447406
57782639,1554.00000000,0.09650000,1736087448357
57782640,1554.00000000,0.05790000,1736087448357
57782641,1555.00000000,0.05780000,1736087472148
57782642,1555.00000000,0.37320000,1736087472148
57782643,1555.00000000,0.00890000,1736087472188
57782644,1555.00000000,0.12860000,1736087486630
57782645,1556.00000000,0.00790000,1736087505301
57782646,1555.00000000,0.06430000,1736087536159
57782647,1555.00000000,0.25580000,1736087536159
57782648,1556.00000000,0.22650000,1736087537805
57782649,1556.00000000,0.01340000,1736087547209
57782650,1555.00000000,0.07540000,1736087550326
57782651,1555.00000000,0.56740000,1736087550329
57782652,1555.00000000,0.18660000,1736087550329
57782653,1555.00000000,0.05650000,1736087550339
57782654,1555.00000000,0.21840000,1736087550340
57782655,1555.00000000,0.21840000,1736087550340
57782656,1558.00000000,0.11020000,1736087613750
57782657,1556.00000000,0.01500000,1736087616753
57782658,1556.00000000,0.03910000,1736087638726
57782659,1556.00000000,0.58810000,1736087638726
57782660,1556.00000000,0.16590000,1736087638726
57782661,1556.00000000,0.06240000,1736087638728
57782662,1556.00000000,0.02230000,1736087638731
57782663,1556.00000000,1.35640000,1736087638737
57782664,1555.00000000,0.08500000,1736087638737
57782665,1556.00000000,0.19450000,1736087645177
57782666,1556.00000000,0.02100000,1736087645177
57782667,1556.00000000,0.02800000,1736087645177
57782668,1556.00000000,0.00540000,1736087645177
57782669,1556.00000000,0.04600000,1736087645177
57782670,1556.00000000,0.20280000,1736087654400
57782671,1556.00000000,0.17120000,1736087654417
57782672,1556.00000000,0.26840000,1736087654430
57782673,1556.00000000,0.00960000,1736087655967
57782674,1556.00000000,0.17280000,1736087660556
57782675,1556.00000000,1.33520000,1736087674252
57782676,1556.00000000,0.56650000,1736087674252
57782677,1556.00000000,0.23190000,1736087674252
57782678,1556.00000000,0.61060000,1736087692686
57782679,1556.00000000,0.73170000,1736087692686
57782680,1556.00000000,0.87530000,1736087692688
57782681,1555.00000000,0.02000000,1736087695878
57782682,1556.00000000,0.07130000,1736087706533
57782683,1557.00000000,0.25900000,1736087732256
57782684,1557.00000000,0.15620000,1736087747232
57782685,1558.00000000,0.01300000,1736087755977
57782686,1558.00000000,0.01610000,1736087755977
57782687,1558.00000000,0.20250000,1736087757128
57782688,1558.00000000,0.32070000,1736087757314
57782689,1558.00000000,0.33250000,1736087761811
57782690,1558.00000000,0.66750000,1736087761811
57782691,1557.00000000,0.46010000,1736087775453
57782692,1557.00000000,0.03490000,1736087775453
57782693,1557.00000000,0.38390000,1736087775453
57782694,1557.00000000,0.33520000,1736087775453
57782695,1557.00000000,0.00900000,1736087775455
57782696,1557.00000000,0.26390000,1736087775460
57782697,1557.00000000,0.15360000,1736087775460
57782698,1557.00000000,0.01400000,1736087775460
57782699,1557.00000000,0.01400000,1736087775460
57782700,1557.00000000,0.02100000,1736087775460
57782701,1557.00000000,0.02100000,1736087775460
57782702,1557.00000000,0.01900000,1736087775460
57782703,1557.00000000,0.02800000,1736087775460
57782704,1557.00000000,0.02100000,1736087775460
57782705,1557.00000000,0.09090000,1736087775460
57782706,1557.00000000,0.00910000,1736087775460
57782707,1557.00000000,0.01310000,1736087808205
57782708,1558.00000000,0.00890000,1736087815557
57782709,1558.00000000,0.00390000,1736087815557
57782710,1558.00000000,0.49500000,1736087827727
57782711,1558.00000000,0.00500000,1736087827727
57782712,1559.00000000,0.00740000,1736087840213
57782713,1559.00000000,0.01610000,1736087840213
57782714,1559.00000000,0.50000000,1736087841044
57782715,1560.00000000,0.31920000,1736087846378
57782716,1560.00000000,0.49500000,1736087846378
57782717,1560.00000000,0.00470000,1736087846378
57782718,1560.00000000,0.07440000,1736087846378
57782719,1559.00000000,0.21360000,1736087867004
57782720,1559.00000000,0.02740000,1736087867006
57782721,1559.00000000,0.09270000,1736087867007
57782722,1560.00000000,0.12790000,1736087873210
57782723,1560.00000000,0.15000000,1736087873210
57782724,1560.00000000,0.49500000,1736087873210
57782725,1560.00000000,0.01610000,1736087873210
57782726,1560.00000000,0.21620000,1736087873210
57782727,1561.00000000,0.00430000,1736087932816
57782728,1561.00000000,0.00460000,1736087942977
57782729,1560.00000000,0.00500000,1736087958911
57782730,1560.00000000,0.64080000,1736087958911
57782731,1560.00000000,0.06410000,1736087958911
57782732,1560.00000000,0.04410000,1736087958911
57782733,1560.00000000,1.50800000,1736087958914
57782734,1560.00000000,0.01610000,1736087958914
57782735,1560.00000000,0.01990000,1736087958915
57782736,1560.00000000,0.01480000,1736087958915
57782737,1559.00000000,0.30000000,1736087997112
57782738,1559.00000000,0.64120000,1736088045284
57782739,1559.00000000,0.00650000,1736088085707
57782740,1559.00000000,0.01650000,1736088086265
57782741,1559.00000000,0.00800000,1736088086265
57782742,1559.00000000,0.34590000,1736088086265
57782743,1560.00000000,0.00780000,1736088122703
57782744,1561.00000000,0.63560000,1736088165617
57782745,1562.00000000,0.20230000,1736088189090
57782746,1562.00000000,0.12930000,1736088189090
57782747,1562.00000000,0.10000000,1736088191020
57782748,1562.00000000,1.60090000,1736088191022
57782749,1562.00000000,0.00700000,1736088205302
57782750,1562.00000000,0.10000000,1736088228456
57782751,1562.00000000,0.38800000,1736088316941
57782752,1562.00000000,0.36600000,1736088316941
57782753,1562.00000000,0.02530000,1736088316947
57782754,1562.00000000,0.10000000,1736088316947
57782755,1562.00000000,0.00460000,1736088316947
57782756,1562.00000000,0.00650000,1736088316947
57782757,1562.00000000,0.38390000,1736088316947
57782758,1562.00000000,0.02100000,1736088316947
57782759,1562.00000000,0.01400000,1736088316947
57782760,1562.00000000,0.02800000,1736088316947
57782761,1562.00000000,0.01400000,1736088316947
57782762,1562.00000000,0.02100000,1736088316947
57782763,1562.00000000,0.01400000,1736088316947
57782764,1562.00000000,0.02100000,1736088316947
57782765,1562.00000000,0.01900000,1736088316947
57782766,1562.00000000,0.02500000,1736088316947
57782767,1562.00000000,0.01400000,1736088316947
57782768,1562.00000000,0.01900000,1736088316947
57782769,1562.00000000,0.01400000,1736088316947
57782770,1562.00000000,0.00970000,1736088316947
57782771,1563.00000000,0.00380000,1736088327055
57782772,1563.00000000,0.47530000,1736088332709
57782773,1563.00000000,0.00680000,1736088384847
57782774,1563.00000000,0.40000000,1736088386688
57782775,1563.00000000,0.10000000,1736088395417
57782776,1563.00000000,0.49500000,1736088395417
57782777,1564.00000000,0.14690000,1736088401674
57782778,1564.00000000,0.01400000,1736088401674
57782779,1564.00000000,0.01300000,1736088401674
57782780,1564.00000000,0.01800000,1736088401674
57782781,1564.00000000,0.01400000,1736088401674
57782782,1564.00000000,0.01400000,1736088401674
57782783,1564.00000000,0.01400000,1736088401674
57782784,1564.00000000,0.01800000,1736088401674
57782785,1564.00000000,0.01300000,1736088401674
57782786,1564.00000000,0.01700000,1736088401674
57782787,1565.00000000,0.01280000,1736088411738
57782788,1565.00000000,0.00450000,1736088411738
57782789,1564.00000000,0.00670000,1736088414118
57782790,1564.00000000,0.75400000,1736088415806
57782791,1564.00000000,0.83810000,1736088415808
57782792,1564.00000000,0.00750000,1736088415808
57782793,1564.00000000,0.00670000,1736088415808
57782794,1563.00000000,0.00760000,1736088423211
57782795,1563.00000000,0.30000000,1736088439816
57782796,1563.00000000,0.05750000,1736088443342
57782797,1563.00000000,0.04250000,1736088443342
57782798,1563.00000000,0.01500000,1736088443391
57782799,1563.00000000,0.09590000,1736088443391
57782800,1563.00000000,0.00310000,1736088458452
57782801,1562.00000000,0.08340000,1736088486557
57782802,1562.00000000,0.06710000,1736088499034
57782803,1562.00000000,0.00400000,1736088523569
57782804,1562.00000000,0.00920000,1736088530071
57782805,1563.00000000,0.06460000,1736088535259
57782806,1563.00000000,0.49500000,1736088550998
57782807,1563.00000000,0.04650000,1736088555976
57782808,1563.00000000,0.12600000,1736088563155
57782809,1563.00000000,0.06650000,1736088564524
57782810,1563.00000000,0.30250000,1736088564541
57782811,1563.00000000,0.75400000,1736088564541
57782812,1563.00000000,0.10000000,1736088564541
57782813,1563.00000000,0.01400000,1736088564541
57782814,1564.00000000,0.01660000,1736088604898
57782815,1565.00000000,0.30000000,1736088658668
57782816,1565.00000000,0.00780000,1736088686242
57782817,1565.00000000,0.18270000,1736088698333
57782818,1565.00000000,0.06730000,1736088698333
57782819,1564.00000000,0.00600000,1736088716359
57782820,1564.00000000,0.00380000,1736088716359
57782821,1564.00000000,0.00770000,1736088716359
57782822,1564.00000000,0.75400000,1736088716359
57782823,1564.00000000,0.23230000,1736088716359
57782824,1564.00000000,1.36650000,1736088717340
57782825,1563.00000000,0.02330000,1736088766079
57782826,1564.00000000,0.08180000,1736088784960
57782827,1564.00000000,0.03060000,1736088784960
57782828,1564.00000000,0.39950000,1736088790707
57782829,1564.00000000,0.01070000,1736088790707
57782830,1564.00000000,0.08690000,1736088815594
57782831,1565.00000000,0.02880000,1736088842849
57782832,1565.00000000,0.00950000,1736088842849
57782833,1565.00000000,0.05750000,1736088842849
57782834,1565.00000000,0.04600000,1736088845065
57782835,1565.00000000,0.06380000,1736088860354
57782836,1564.00000000,0.03830000,1736088869997
57782837,1564.00000000,0.05750000,1736088869997
57782838,1564.00000000,0.65820000,1736088869997
57782839,1564.00000000,0.05390000,1736088869997
57782840,1564.00000000,0.75400000,1736088869998
57782841,1564.00000000,0.10000000,1736088869999
57782842,1564.00000000,0.02350000,1736088869999
57782843,1564.00000000,0.09590000,1736088870005
57782844,1564.00000000,0.00360000,1736088870005
57782845,1563.00000000,0.10000000,1736088870044
57782846,1563.00000000,0.04630000,1736088878212
57782847,1564.00000000,0.10000000,1736088917639
57782848,1564.00000000,0.08180000,1736088917639
57782849,1564.00000000,0.04600000,1736088917639
57782850,1564.00000000,0.02500000,1736088917639
57782851,1564.00000000,0.01400000,1736088917639
57782852,1564.00000000,0.02300000,1736088917639
57782853,1564.00000000,0.02300000,1736088917639
57782854,1564.00000000,0.02100000,1736088917639
57782855,1564.00000000,0.01400000,1736088917639
57782856,1564.00000000,0.02300000,1736088917639
57782857,1564.00000000,0.02100000,1736088917639
57782858,1564.00000000,0.03000000,1736088917639
57782859,1565.00000000,0.00640000,1736088927544
57782860,1565.00000000,0.00730000,1736088985611
57782861,1565.00000000,0.09580000,1736089020727
57782862,1564.00000000,0.09590000,1736089023668
57782863,1564.00000000,0.00340000,1736089023668
57782864,1564.00000000,0.00730000,1736089023668
57782865,1564.00000000,0.20250000,1736089023675
57782866,1564.00000000,0.20250000,1736089023676
57782867,1564.00000000,0.09000000,1736089044065
57782868,1564.00000000,0.21000000,1736089044065
57782869,1564.00000000,0.00770000,1736089088241
57782870,1564.00000000,0.17430000,1736089118134
57782871,1564.00000000,0.10300000,1736089120900
57782872,1564.00000000,0.32100000,1736089120900
57782873,1563.00000000,0.03700000,1736089132884
57782874,1563.00000000,0.00950000,1736089200538
57782875,1563.00000000,0.01260000,1736089201395
57782876,1563.00000000,0.20000000,1736089201395
57782877,1563.00000000,0.01880000,1736089201395
57782878,1563.00000000,0.64180000,1736089201395
57782879,1564.00000000,0.01050000,1736089208906
57782880,1564.00000000,0.10000000,1736089239133
57782881,1564.00000000,0.01110000,1736089247136
57782882,1564.00000000,0.00790000,1736089247137
57782883,1564.00000000,0.02800000,1736089247137
57782884,1564.00000000,0.01400000,1736089247137
57782885,1564.00000000,0.02100000,1736089247137
57782886,1564.00000000,0.02100000,1736089247137
57782887,1564.00000000,0.01400000,1736089247137
57782888,1564.00000000,0.01400000,1736089247137
57782889,1564.00000000,0.02100000,1736089247137
57782890,1565.00000000,0.04370000,1736089265907
57782891,1565.00000000,0.00190000,1736089265907
57782892,1565.00000000,0.15900000,1736089275406
57782893,1565.00000000,0.00760000,1736089284590
57782894,1565.00000000,0.75400000,1736089286600
57782895,1565.00000000,0.84770000,1736089286602
57782896,1565.00000000,0.02650000,1736089286602
57782897,1565.00000000,1.50800000,1736089286602
57782898,1565.00000000,0.02970000,1736089286603
57782899,1565.00000000,1.48500000,1736089286603
57782900,1565.00000000,0.03610000,1736089286603
57782901,1565.00000000,0.38150000,1736089286603
57782902,1565.00000000,0.14680000,1736089286603
57782903,1565.00000000,0.14680000,1736089286603
57782904,1565.00000000,0.08180000,1736089286603
57782905,1565.00000000,0.49500000,1736089291985
57782906,1564.00000000,0.49500000,1736089306871
57782907,1564.00000000,0.00760000,1736089306871
57782908,1564.00000000,0.00240000,1736089306871
57782909,1565.00000000,0.75400000,1736089314304
57782910,1565.00000000,0.10000000,1736089314304
57782911,1565.00000000,0.14830000,1736089314304
57782912,1565.00000000,0.03190000,1736089337546
57782913,1565.00000000,0.00750000,1736089345693
57782914,1566.00000000,0.28560000,1736089346382
57782915,1566.00000000,0.00390000,1736089352050
57782916,1566.00000000,0.00740000,1736089360290
57782917,1566.00000000,0.00440000,1736089360290
57782918,1566.00000000,0.09570000,1736089360290
57782919,1566.00000000,0.32030000,1736089360290
57782920,1566.00000000,0.00770000,1736089364135
