Trade ID,Price,Quantity,Time
42275337,561.60000000,0.18060000,1736089031297
42275338,561.60000000,0.07460000,1736089031298
42275339,561.60000000,0.05330000,1736089031298
42275340,561.60000000,0.01790000,1736089031298
42275341,561.70000000,0.04910000,1736089032286
42275342,561.70000000,0.83990000,1736089032286
42275343,561.70000000,0.12930000,1736089032287
42275344,561.80000000,0.06150000,1736089032301
42275345,561.80000000,0.06230000,1736089032356
42275346,561.70000000,0.99990000,1736089032758
42275347,561.60000000,1.45440000,1736089032763
42275348,561.60000000,0.35610000,1736089032794
42275349,561.70000000,0.49810000,1736089032810
42275350,561.70000000,0.50190000,1736089032811
42275351,561.80000000,0.88900000,1736089033286
42275352,561.80000000,0.07330000,1736089033287
42275353,561.90000000,0.89590000,1736089033291
42275354,561.90000000,0.01340000,1736089033291
42275355,561.90000000,0.25180000,1736089033291
42275356,561.90000000,0.08930000,1736089033291
42275357,561.90000000,2.76100000,1736089033438
42275358,561.90000000,0.01450000,1736089033438
42275359,561.90000000,1.98000000,1736089033438
42275360,561.90000000,0.78810000,1736089033438
42275361,561.90000000,2.76100000,1736089033438
42275362,561.90000000,4.34320000,1736089033438
42275363,561.90000000,1.98000000,1736089033438
42275364,561.90000000,0.95730000,1736089033438
42275365,561.80000000,2.01540000,1736089033438
42275366,561.80000000,1.28610000,1736089033438
42275367,561.80000000,3.66490000,1736089033438
42275368,561.80000000,1.98000000,1736089033438
42275369,561.80000000,1.98000000,1736089033438
42275370,561.80000000,2.76100000,1736089033438
42275371,561.80000000,4.28110000,1736089033438
42275372,561.80000000,3.59600000,1736089033438
42275373,561.70000000,0.09470000,1736089033465
42275374,561.70000000,1.88530000,1736089033583
42275375,561.70000000,2.14690000,1736089033583
42275376,561.70000000,0.85140000,1736089033584
42275377,561.70000000,1.98000000,1736089033584
42275378,561.70000000,0.95420000,1736089033584
42275379,561.70000000,1.17770000,1736089033584
42275380,561.60000000,0.31550000,1736089033589
42275381,561.80000000,0.98820000,1736089033843
42275382,561.80000000,0.11500000,1736089034548
42275383,561.80000000,0.99860000,1736089035978
42275384,561.70000000,0.13390000,1736089037404
42275385,561.70000000,1.00000000,1736089037755
42275386,561.70000000,0.98000000,1736089037755
42275387,561.70000000,1.68640000,1736089037755
42275388,561.70000000,0.98780000,1736089037755
42275389,561.70000000,1.98000000,1736089037755
42275390,561.70000000,1.05840000,1736089037755
42275391,561.70000000,0.86440000,1736089037755
42275392,561.70000000,3.43520000,1736089037755
42275393,561.70000000,2.62200000,1736089037755
42275394,561.70000000,2.00200000,1736089037755
42275395,561.80000000,4.30320000,1736089037755
42275396,561.80000000,2.62200000,1736089037755
42275397,561.80000000,1.98000000,1736089037755
42275398,561.80000000,0.09300000,1736089037755
42275399,561.80000000,0.10300000,1736089037755
42275400,561.80000000,0.24930000,1736089037755
42275401,561.80000000,0.12500000,1736089037755
42275402,561.80000000,0.14400000,1736089037755
42275403,561.80000000,0.09300000,1736089037755
42275404,561.80000000,0.09100000,1736089037755
42275405,561.80000000,0.09070000,1736089037755
42275406,561.80000000,0.95890000,1736089037755
42275407,561.80000000,0.58270000,1736089037755
42275408,561.80000000,0.01340000,1736089037755
42275409,561.80000000,3.38000000,1736089037755
42275410,561.80000000,0.10660000,1736089037755
42275411,561.90000000,2.76100000,1736089037755
42275412,561.90000000,0.51240000,1736089037755
42275413,561.90000000,3.76370000,1736089037755
42275414,561.90000000,0.32030000,1736089037755
42275415,561.90000000,0.58250000,1736089037755
42275416,561.90000000,0.15850000,1736089037755
42275417,561.90000000,0.84150000,1736089037755
42275418,561.90000000,0.35600000,1736089037755
42275419,561.90000000,0.35600000,1736089037755
42275420,562.00000000,0.01390000,1736089037756
42275421,562.00000000,0.01910000,1736089037756
42275422,562.00000000,0.78500000,1736089037756
42275423,562.00000000,0.74400000,1736089037756
42275424,562.00000000,0.82000000,1736089037756
42275425,562.00000000,0.41200000,1736089037758
42275426,562.00000000,0.39900000,1736089037758
42275427,562.00000000,1.98000000,1736089038052
42275428,562.00000000,0.64200000,1736089038052
42275429,562.00000000,1.98000000,1736089038052
42275430,562.00000000,2.33270000,1736089038053
42275431,562.10000000,0.05310000,1736089038620
42275432,562.00000000,0.07190000,1736089038648
42275433,562.00000000,0.07900000,1736089039396
42275434,562.00000000,0.01890000,1736089040823
42275435,562.00000000,0.98820000,1736089040835
42275436,562.00000000,1.46400000,1736089041167
42275437,561.90000000,1.98000000,1736089041169
42275438,561.90000000,1.98000000,1736089041169
42275439,561.90000000,0.22650000,1736089041169
42275440,561.80000000,1.98000000,1736089041232
42275441,561.80000000,0.03830000,1736089041232
42275442,561.80000000,1.94170000,1736089041233
42275443,561.70000000,1.30000000,1736089041245
42275444,561.70000000,0.15770000,1736089041245
42275445,561.70000000,0.61330000,1736089041246
42275446,561.70000000,1.20900000,1736089041247
42275447,561.60000000,0.49200000,1736089042050
42275448,561.60000000,0.29120000,1736089042052
42275449,561.60000000,0.55150000,1736089042052
42275450,561.60000000,0.35610000,1736089042222
42275451,561.60000000,0.07030000,1736089042223
42275452,561.70000000,4.31600000,1736089042311
42275453,561.70000000,0.68400000,1736089042311
42275454,561.70000000,0.09300000,1736089042313
42275455,561.70000000,0.12500000,1736089042313
42275456,561.70000000,0.09300000,1736089042313
42275457,561.70000000,0.10300000,1736089042313
42275458,561.70000000,0.14400000,1736089042313
42275459,561.80000000,0.01340000,1736089042644
42275460,561.80000000,0.99190000,1736089042644
42275461,561.90000000,0.01340000,1736089043292
42275462,561.90000000,0.06440000,1736089043292
42275463,561.90000000,1.12640000,1736089043460
42275464,562.00000000,0.64120000,1736089043466
42275465,562.00000000,1.28610000,1736089043466
42275466,562.00000000,0.01340000,1736089043466
42275467,562.00000000,0.55370000,1736089043466
42275468,562.00000000,0.94220000,1736089043466
42275469,562.10000000,2.06310000,1736089043472
42275470,562.10000000,1.82670000,1736089043472
42275471,562.10000000,0.45770000,1736089043472
42275472,562.10000000,0.39570000,1736089043472
42275473,562.10000000,0.01340000,1736089043472
42275474,562.10000000,0.80550000,1736089043472
42275475,562.10000000,0.48060000,1736089043472
42275476,562.10000000,0.27330000,1736089043472
42275477,562.10000000,0.55370000,1736089043472
42275478,562.10000000,0.63140000,1736089043475
42275479,562.10000000,0.34640000,1736089043475
42275480,562.10000000,2.12550000,1736089043475
42275481,562.10000000,0.29930000,1736089043475
42275482,562.10000000,0.84490000,1736089043912
42275483,562.20000000,0.10780000,1736089044549
42275484,562.30000000,0.00910000,1736089044700
42275485,562.30000000,0.03700000,1736089044700
42275486,562.20000000,0.01080000,1736089044923
42275487,562.20000000,0.05410000,1736089044924
42275488,562.20000000,0.01810000,1736089045022
42275489,562.20000000,0.19850000,1736089045023
42275490,562.20000000,0.02170000,1736089045024
42275491,562.20000000,0.35340000,1736089047180
42275492,562.20000000,0.51790000,1736089049207
42275493,562.20000000,0.54500000,1736089049465
42275494,562.20000000,0.97500000,1736089049466
42275495,562.20000000,1.79960000,1736089049466
42275496,562.20000000,0.04600000,1736089049466
42275497,562.20000000,0.28270000,1736089049466
42275498,562.20000000,0.60650000,1736089049466
42275499,562.10000000,0.35580000,1736089049469
42275500,562.10000000,0.09630000,1736089049469
42275501,562.20000000,0.01800000,1736089052952
42275502,562.20000000,1.02390000,1736089052952
42275503,562.30000000,0.91310000,1736089053422
42275504,562.40000000,0.00980000,1736089053761
42275505,562.50000000,0.01890000,1736089053761
42275506,562.50000000,0.05890000,1736089053761
42275507,562.50000000,0.01700000,1736089053761
42275508,562.50000000,0.05380000,1736089053761
42275509,562.50000000,0.16460000,1736089053761
42275510,562.50000000,0.10840000,1736089053994
42275511,562.30000000,0.00900000,1736089054260
42275512,562.30000000,0.02580000,1736089054402
42275513,562.50000000,1.45110000,1736089054796
42275514,562.50000000,0.01450000,1736089054796
42275515,562.50000000,0.04120000,1736089054796
42275516,562.50000000,0.01090000,1736089054796
42275517,562.50000000,0.01340000,1736089054796
42275518,562.50000000,1.30000000,1736089054796
42275519,562.50000000,2.89110000,1736089054796
42275520,562.50000000,0.28410000,1736089054796
42275521,562.50000000,1.98000000,1736089054796
42275522,562.60000000,0.01420000,1736089054796
42275523,562.60000000,0.01350000,1736089054796
42275524,562.60000000,1.98000000,1736089054796
42275525,562.60000000,0.01340000,1736089054796
42275526,562.60000000,1.28610000,1736089054796
42275527,562.60000000,4.91320000,1736089054796
42275528,562.60000000,0.24340000,1736089054796
42275529,562.60000000,1.90160000,1736089054796
42275530,562.60000000,0.96430000,1736089054796
42275531,562.70000000,0.06570000,1736089054796
42275532,562.70000000,5.38840000,1736089054796
42275533,562.70000000,2.35560000,1736089054796
42275534,562.70000000,1.98000000,1736089054796
42275535,562.70000000,2.43820000,1736089054796
42275536,562.70000000,0.01340000,1736089054796
42275537,562.70000000,4.29810000,1736089054796
42275538,562.70000000,0.48900000,1736089054796
42275539,562.70000000,0.79710000,1736089054796
42275540,562.70000000,0.93030000,1736089054796
42275541,562.70000000,3.51290000,1736089054796
42275542,562.70000000,0.04440000,1736089054796
42275543,562.70000000,0.08970000,1736089054796
42275544,562.70000000,1.00000000,1736089054796
42275545,562.80000000,2.36280000,1736089054796
42275546,562.80000000,1.98000000,1736089054796
42275547,562.80000000,2.43820000,1736089054796
42275548,562.80000000,0.01340000,1736089054796
42275549,562.80000000,2.92340000,1736089054796
42275550,562.80000000,0.09300000,1736089055024
42275551,562.80000000,0.15600000,1736089055024
42275552,562.80000000,0.12100000,1736089055024
42275553,562.80000000,0.12500000,1736089055024
42275554,562.80000000,0.11300000,1736089055024
42275555,562.80000000,0.09100000,1736089055024
42275556,562.80000000,0.09300000,1736089055024
42275557,562.80000000,0.14400000,1736089055024
42275558,562.80000000,0.10300000,1736089055024
42275559,562.80000000,0.09300000,1736089055024
42275560,562.80000000,0.12100000,1736089055024
42275561,562.80000000,0.08200000,1736089055024
42275562,562.80000000,0.09400000,1736089055024
42275563,562.90000000,0.01930000,1736089055024
42275564,562.90000000,0.01460000,1736089055024
42275565,562.90000000,0.92990000,1736089055024
42275566,562.90000000,1.00000000,1736089055024
42275567,562.90000000,0.96480000,1736089055024
42275568,562.90000000,0.08930000,1736089055024
42275569,562.90000000,0.09070000,1736089055024
42275570,563.00000000,0.04440000,1736089055124
42275571,563.00000000,0.58890000,1736089055124
42275572,563.00000000,0.20220000,1736089055125
42275573,563.00000000,0.05700000,1736089056389
42275574,563.00000000,0.99240000,1736089057060
42275575,563.00000000,1.79960000,1736089057060
42275576,562.90000000,1.98000000,1736089057060
42275577,562.90000000,2.24800000,1736089057060
42275578,562.90000000,1.98000000,1736089057060
42275579,562.90000000,1.28610000,1736089057060
42275580,562.90000000,4.34030000,1736089057060
42275581,562.90000000,0.01340000,1736089057060
42275582,562.90000000,0.23490000,1736089057060
42275583,562.80000000,5.88900000,1736089057060
42275584,562.80000000,3.01440000,1736089057060
42275585,562.80000000,2.24800000,1736089058186
42275586,562.80000000,4.44830000,1736089058186
42275587,562.80000000,1.05840000,1736089058186
42275588,562.90000000,2.24800000,1736089058186
42275589,562.90000000,4.45500000,1736089058186
42275590,562.90000000,0.96580000,1736089058186
42275591,562.90000000,1.97320000,1736089058186
42275592,562.90000000,1.28610000,1736089058186
42275593,562.90000000,1.12390000,1736089058186
42275594,562.90000000,2.56660000,1736089058186
42275595,562.90000000,0.01340000,1736089058186
42275596,563.00000000,1.98000000,1736089058186
42275597,563.00000000,0.58470000,1736089058186
42275598,563.00000000,1.00000000,1736089058189
42275599,563.00000000,1.00000000,1736089058190
42275600,563.00000000,0.01790000,1736089058190
42275601,563.10000000,0.01680000,1736089058291
42275602,563.10000000,0.01340000,1736089058291
42275603,563.10000000,0.02870000,1736089058895
42275604,563.20000000,0.02680000,1736089058982
42275605,563.20000000,0.01580000,1736089058982
42275606,563.20000000,0.01700000,1736089058982
42275607,563.20000000,0.02660000,1736089058982
42275608,563.20000000,0.01000000,1736089058982
42275609,563.30000000,0.01250000,1736089058982
42275610,563.30000000,0.01800000,1736089058982
42275611,563.30000000,0.05080000,1736089058982
42275612,563.20000000,0.99080000,1736089059711
42275613,563.20000000,0.01230000,1736089059711
42275614,563.10000000,2.13500000,1736089059713
42275615,563.10000000,0.23480000,1736089059713
42275616,563.00000000,0.09300000,1736089059722
42275617,563.00000000,0.09300000,1736089059722
42275618,562.90000000,0.01880000,1736089059859
42275619,562.90000000,0.96530000,1736089060788
42275620,562.80000000,0.35710000,1736089060792
42275621,562.70000000,0.20990000,1736089062139
42275622,562.70000000,0.67850000,1736089062141
42275623,562.70000000,0.02870000,1736089062274
42275624,562.70000000,0.47130000,1736089062274
42275625,562.70000000,0.45480000,1736089062285
42275626,562.70000000,2.13500000,1736089062285
42275627,562.70000000,2.05050000,1736089062555
42275628,562.80000000,0.95290000,1736089063001
42275629,563.00000000,1.04860000,1736089063641
42275630,563.00000000,0.95180000,1736089064629
42275631,562.90000000,1.45440000,1736089064632
42275632,562.90000000,0.01590000,1736089065593
42275633,562.90000000,0.01690000,1736089065600
42275634,562.90000000,0.06710000,1736089068666
42275635,562.90000000,0.01550000,1736089068666
42275636,562.90000000,0.02040000,1736089068666
42275637,562.90000000,0.17760000,1736089068993
42275638,562.80000000,0.02360000,1736089069031
42275639,562.80000000,0.02240000,1736089069033
42275640,562.80000000,0.02170000,1736089069038
42275641,562.80000000,0.04830000,1736089069465
42275642,562.80000000,0.17760000,1736089069479
42275643,562.70000000,1.30000000,1736089069933
42275644,562.70000000,1.98000000,1736089069933
42275645,562.60000000,0.88860000,1736089069934
42275646,562.60000000,0.11140000,1736089069934
42275647,562.60000000,1.02590000,1736089069936
42275648,562.60000000,0.98410000,1736089069936
42275649,562.60000000,0.23840000,1736089069936
42275650,562.60000000,0.39450000,1736089070125
42275651,562.40000000,0.03640000,1736089070403
42275652,562.40000000,0.05310000,1736089070403
42275653,562.40000000,0.26300000,1736089070404
42275654,562.40000000,0.01790000,1736089070406
42275655,562.40000000,0.01060000,1736089070408
42275656,562.40000000,0.04240000,1736089070408
42275657,562.40000000,0.02180000,1736089070624
42275658,562.10000000,1.96450000,1736089071572
42275659,562.00000000,1.98000000,1736089071999
42275660,562.00000000,1.98000000,1736089071999
42275661,561.90000000,0.77410000,1736089072113
42275662,561.80000000,1.07300000,1736089073377
42275663,561.80000000,0.04110000,1736089074320
42275664,561.70000000,0.21880000,1736089074480
42275665,561.70000000,1.50250000,1736089074770
42275666,561.70000000,0.96880000,1736089074818
42275667,561.80000000,0.99050000,1736089074995
42275668,561.80000000,0.01810000,1736089075034
42275669,561.90000000,0.09300000,1736089076614
42275670,561.90000000,0.97280000,1736089076614
42275671,561.90000000,0.24110000,1736089076985
42275672,561.90000000,0.02000000,1736089077150
42275673,561.90000000,0.52640000,1736089077964
42275674,561.70000000,0.03940000,1736089082224
42275675,561.60000000,0.01340000,1736089082224
42275676,561.60000000,1.98000000,1736089082224
42275677,561.60000000,1.92700000,1736089082224
42275678,561.60000000,1.05120000,1736089082224
42275679,561.60000000,0.39900000,1736089082224
42275680,561.60000000,0.39290000,1736089082226
42275681,561.60000000,1.02210000,1736089082226
42275682,561.60000000,0.27790000,1736089082228
42275683,561.60000000,0.11500000,1736089082228
42275684,561.60000000,0.85130000,1736089082228
42275685,561.60000000,0.17080000,1736089082228
42275686,561.50000000,0.01930000,1736089082424
42275687,561.50000000,0.52160000,1736089082424
42275688,561.50000000,0.76450000,1736089082424
42275689,561.50000000,0.33830000,1736089082425
42275690,561.50000000,0.15350000,1736089082494
42275691,561.50000000,0.23420000,1736089082500
42275692,561.50000000,0.54670000,1736089084108
42275693,561.50000000,0.42970000,1736089085069
42275694,561.50000000,0.35070000,1736089085069
42275695,561.50000000,0.55830000,1736089085069
42275696,561.50000000,0.37640000,1736089085198
42275697,561.60000000,0.29570000,1736089085885
42275698,561.60000000,0.67340000,1736089086547
42275699,561.60000000,0.29490000,1736089086547
42275700,561.70000000,0.44150000,1736089087124
42275701,561.70000000,0.28830000,1736089087273
42275702,561.60000000,0.01180000,1736089087727
42275703,561.60000000,0.24410000,1736089087839
42275704,561.60000000,0.01320000,1736089089004
42275705,561.60000000,0.82050000,1736089089449
42275706,561.50000000,0.02130000,1736089094460
42275707,561.50000000,1.35250000,1736089095500
42275708,561.50000000,1.98000000,1736089095500
42275709,561.50000000,0.24620000,1736089095500
42275710,561.50000000,0.22660000,1736089095500
42275711,561.40000000,0.22670000,1736089095513
42275712,561.20000000,1.30000000,1736089096220
42275713,561.20000000,0.15440000,1736089096220
42275714,561.20000000,0.07240000,1736089096221
42275715,561.10000000,0.02680000,1736089096306
42275716,561.00000000,0.01250000,1736089097026
42275717,560.80000000,0.68890000,1736089097627
42275718,560.80000000,0.24710000,1736089097627
42275719,560.80000000,0.51840000,1736089097627
42275720,560.80000000,0.51840000,1736089097629
42275721,560.80000000,0.24710000,1736089097629
42275722,560.80000000,0.00220000,1736089097629
42275723,560.80000000,0.65360000,1736089097629
42275724,560.80000000,4.28280000,1736089097853
42275725,560.80000000,1.73900000,1736089097853
42275726,560.80000000,4.30340000,1736089097853
42275727,560.80000000,0.01440000,1736089097853
42275728,560.80000000,0.97450000,1736089097853
42275729,560.90000000,1.98000000,1736089097853
42275730,560.90000000,1.98000000,1736089097853
42275731,560.90000000,1.73900000,1736089097853
42275732,560.90000000,1.68900000,1736089097853
42275733,560.90000000,0.09300000,1736089101443
42275734,560.90000000,0.10300000,1736089101443
42275735,560.90000000,0.15600000,1736089101443
42275736,560.90000000,0.14400000,1736089101443
42275737,560.90000000,0.12100000,1736089101443
42275738,560.90000000,0.09300000,1736089101443
42275739,560.90000000,0.12500000,1736089101443
42275740,560.90000000,0.09100000,1736089101443
42275741,560.90000000,0.12100000,1736089101443
42275742,560.90000000,0.09300000,1736089101443
42275743,560.90000000,0.11300000,1736089101443
42275744,560.90000000,0.19400000,1736089101443
42275745,560.90000000,0.09300000,1736089101443
42275746,560.90000000,0.09300000,1736089101443
42275747,560.90000000,0.08200000,1736089101443
42275748,561.00000000,0.01340000,1736089101447
42275749,561.00000000,0.05070000,1736089101447
42275750,561.00000000,0.65230000,1736089101447
42275751,561.00000000,0.09300000,1736089101563
42275752,561.10000000,0.01810000,1736089102041
42275753,561.20000000,0.17450000,1736089103249
42275754,561.20000000,1.12550000,1736089105150
42275755,561.30000000,0.03990000,1736089105217
42275756,561.30000000,0.99090000,1736089105323
42275757,561.40000000,0.09100000,1736089105890
42275758,561.40000000,0.01550000,1736089105890
42275759,561.40000000,0.09750000,1736089105890
42275760,561.40000000,0.12100000,1736089105890
42275761,561.40000000,0.09400000,1736089105890
42275762,561.40000000,1.45440000,1736089106258
42275763,561.30000000,0.96880000,1736089107035
42275764,561.30000000,0.22670000,1736089107037
42275765,561.20000000,0.22680000,1736089107698
42275766,561.10000000,0.13330000,1736089111960
42275767,561.10000000,0.03990000,1736089111960
42275768,561.10000000,0.44070000,1736089116276
42275769,561.00000000,0.16200000,1736089116646
42275770,560.90000000,1.45440000,1736089118447
42275771,560.90000000,0.19760000,1736089118448
42275772,560.90000000,0.01320000,1736089119006
42275773,560.80000000,0.50710000,1736089122152
42275774,560.90000000,0.00960000,1736089124022
42275775,561.00000000,0.01340000,1736089124029
42275776,561.00000000,0.40960000,1736089124029
42275777,561.00000000,1.56900000,1736089125341
42275778,561.00000000,1.59570000,1736089125341
42275779,561.00000000,0.77500000,1736089125425
42275780,561.00000000,0.01810000,1736089126046
42275781,560.90000000,0.01070000,1736089127817
42275782,561.00000000,0.09300000,1736089129170
42275783,561.00000000,0.12100000,1736089129170
42275784,561.00000000,0.09400000,1736089129170
42275785,561.00000000,0.14400000,1736089129170
42275786,561.00000000,0.10300000,1736089129170
42275787,561.10000000,0.11000000,1736089129403
42275788,561.10000000,0.09300000,1736089129403
42275789,561.10000000,0.09300000,1736089129403
42275790,561.10000000,0.12100000,1736089129403
42275791,561.10000000,0.11300000,1736089129403
42275792,561.10000000,0.09300000,1736089129403
42275793,561.10000000,0.24500000,1736089129403
42275794,561.10000000,0.11000000,1736089129403
42275795,561.10000000,0.18800000,1736089129403
42275796,561.10000000,0.09100000,1736089129403
42275797,561.10000000,0.09300000,1736089129403
42275798,561.10000000,0.18700000,1736089129403
42275799,561.10000000,0.09300000,1736089129403
42275800,561.10000000,0.09300000,1736089129403
42275801,561.10000000,0.09300000,1736089129403
42275802,561.10000000,0.12500000,1736089129403
42275803,561.10000000,0.15600000,1736089129403
42275804,561.10000000,0.19400000,1736089129403
42275805,561.10000000,0.08200000,1736089129403
42275806,561.10000000,0.19000000,1736089129403
42275807,561.10000000,0.24300000,1736089129403
42275808,561.10000000,0.09300000,1736089129403
42275809,561.10000000,0.12100000,1736089129403
42275810,561.10000000,0.10300000,1736089129403
42275811,561.10000000,0.09400000,1736089129403
42275812,561.20000000,1.65200000,1736089129407
42275813,561.20000000,1.30000000,1736089129407
42275814,561.20000000,0.01970000,1736089129407
42275815,561.20000000,1.45440000,1736089132758
42275816,561.20000000,0.11460000,1736089132760
42275817,561.10000000,0.67530000,1736089132764
42275818,561.10000000,0.07870000,1736089140122
42275819,561.20000000,1.56900000,1736089140127
42275820,561.20000000,0.01340000,1736089140127
42275821,561.20000000,0.07210000,1736089140127
42275822,561.30000000,0.01340000,1736089141820
42275823,561.30000000,0.09160000,1736089141820
42275824,561.30000000,0.89670000,1736089141821
42275825,561.40000000,1.28610000,1736089141826
42275826,561.40000000,1.65200000,1736089141826
42275827,561.40000000,0.01340000,1736089141826
42275828,561.40000000,0.82010000,1736089141826
42275829,561.10000000,0.05680000,1736089149584
42275830,561.00000000,0.22680000,1736089149589
42275831,561.00000000,0.05460000,1736089149589
42275832,561.00000000,1.17300000,1736089149589
42275833,561.00000000,0.05460000,1736089149590
42275834,561.00000000,0.07240000,1736089149590
42275835,560.90000000,0.87710000,1736089160117
42275836,560.80000000,1.45440000,1736089160124
42275837,560.80000000,0.11460000,1736089160125
42275838,560.80000000,0.27200000,1736089160125
42275839,560.80000000,0.08910000,1736089160125
42275840,560.80000000,0.08910000,1736089160125
42275841,560.80000000,0.54470000,1736089160125
42275842,560.80000000,1.28610000,1736089160509
42275843,560.90000000,0.02120000,1736089161911
42275844,561.00000000,0.06100000,1736089162390
42275845,561.00000000,0.09300000,1736089162751
42275846,561.00000000,0.09300000,1736089162751
42275847,561.00000000,0.02580000,1736089162751
42275848,561.00000000,0.03610000,1736089164624
42275849,560.90000000,0.01810000,1736089165062
42275850,560.90000000,1.04580000,1736089167219
42275851,560.90000000,1.05840000,1736089167219
42275852,560.90000000,0.98780000,1736089167219
42275853,560.90000000,1.18900000,1736089167219
42275854,560.90000000,0.30200000,1736089167219
42275855,560.90000000,0.27360000,1736089167219
42275856,560.90000000,0.03600000,1736089167219
42275857,560.80000000,1.98000000,1736089167219
42275858,560.80000000,1.49100000,1736089167219
42275859,560.80000000,0.19940000,1736089167219
42275860,560.80000000,4.04360000,1736089167219
42275861,560.80000000,0.23840000,1736089167219
42275862,560.80000000,1.00000000,1736089167220
42275863,560.80000000,0.81010000,1736089167220
42275864,560.80000000,0.03230000,1736089167220
42275865,560.70000000,1.95610000,1736089167220
42275866,560.70000000,0.02390000,1736089167221
42275867,560.70000000,0.96300000,1736089167221
42275868,560.70000000,0.08900000,1736089167221
42275869,560.70000000,0.08900000,1736089167221
42275870,560.70000000,0.08900000,1736089167221
42275871,560.70000000,0.43790000,1736089167221
42275872,560.70000000,0.35650000,1736089167221
42275873,560.70000000,0.08910000,1736089167221
42275874,560.60000000,1.98000000,1736089167221
42275875,560.60000000,1.30000000,1736089167221
42275876,560.60000000,0.35660000,1736089167221
42275877,560.60000000,0.08900000,1736089167221
42275878,560.60000000,0.08910000,1736089167221
42275879,560.60000000,0.35660000,1736089167221
42275880,560.60000000,0.08910000,1736089167221
42275881,560.60000000,0.04440000,1736089167221
42275882,560.60000000,0.08910000,1736089167221
42275883,560.60000000,1.00000000,1736089167221
42275884,560.60000000,0.35650000,1736089167221
42275885,560.50000000,1.78340000,1736089167225
42275886,560.50000000,0.89190000,1736089167225
42275887,560.50000000,0.89190000,1736089167225
42275888,560.50000000,0.89190000,1736089167225
42275889,560.50000000,0.17740000,1736089167225
42275890,560.50000000,0.71450000,1736089167227
42275891,560.50000000,0.44590000,1736089167227
42275892,560.50000000,0.89190000,1736089167227
42275893,560.50000000,0.89190000,1736089167227
42275894,560.50000000,0.89190000,1736089167227
42275895,560.50000000,1.00810000,1736089167229
42275896,560.50000000,0.44630000,1736089167229
42275897,560.50000000,0.13920000,1736089167231
42275898,560.50000000,1.05840000,1736089167335
42275899,560.50000000,0.98780000,1736089167335
42275900,560.50000000,0.09170000,1736089167335
42275901,560.40000000,0.01340000,1736089167343
42275902,560.40000000,0.08910000,1736089167343
42275903,560.40000000,0.16120000,1736089167343
42275904,560.50000000,0.38520000,1736089167343
42275905,560.50000000,0.59790000,1736089167343
42275906,560.50000000,0.59790000,1736089167344
42275907,560.50000000,0.70800000,1736089167358
42275908,560.50000000,0.51000000,1736089167359
42275909,560.50000000,1.40880000,1736089167367
42275910,560.60000000,0.05780000,1736089169688
42275911,560.80000000,0.85460000,1736089170442
42275912,560.80000000,0.01340000,1736089170446
42275913,560.80000000,1.30000000,1736089170446
42275914,560.80000000,0.92200000,1736089170446
42275915,560.90000000,0.12100000,1736089172446
42275916,560.90000000,0.09400000,1736089172446
42275917,560.90000000,0.10300000,1736089172446
42275918,560.90000000,0.15600000,1736089172446
42275919,560.90000000,0.11300000,1736089172446
42275920,560.90000000,0.07800000,1736089172446
42275921,560.90000000,0.01300000,1736089172463
42275922,560.90000000,0.05070000,1736089172463
42275923,560.90000000,0.04230000,1736089172622
42275924,560.80000000,1.98000000,1736089182143
42275925,560.70000000,0.97500000,1736089190872
42275926,560.70000000,0.32500000,1736089190873
42275927,560.50000000,0.32110000,1736089192756
42275928,560.40000000,0.95990000,1736089195333
42275929,560.40000000,0.00950000,1736089195333
42275930,560.50000000,1.34500000,1736089195336
42275931,560.50000000,0.28250000,1736089195336
42275932,560.50000000,0.01340000,1736089195336
42275933,560.60000000,1.34500000,1736089195341
42275934,560.60000000,1.03400000,1736089195341
42275935,560.60000000,0.01340000,1736089195341
42275936,560.60000000,0.89220000,1736089195341
42275937,560.60000000,0.52540000,1736089195341
42275938,560.60000000,0.50110000,1736089195341
42275939,560.60000000,0.44350000,1736089195343
42275940,560.60000000,1.17190000,1736089198943
42275941,560.60000000,0.71600000,1736089198950
42275942,560.50000000,0.01430000,1736089199519
42275943,560.50000000,0.06460000,1736089199520
42275944,560.50000000,0.12710000,1736089199522
42275945,560.50000000,1.25910000,1736089199522
42275946,560.50000000,0.51490000,1736089199522
42275947,560.40000000,0.03030000,1736089200348
42275948,560.40000000,0.04890000,1736089200351
42275949,560.40000000,0.03890000,1736089200352
42275950,560.40000000,1.86190000,1736089200354
42275951,560.30000000,1.98000000,1736089200357
42275952,560.30000000,0.15000000,1736089200357
42275953,560.30000000,1.56800000,1736089200561
42275954,560.30000000,0.98440000,1736089200876
42275955,560.40000000,0.01340000,1736089201079
42275956,560.40000000,0.82430000,1736089201079
42275957,560.40000000,0.04730000,1736089201080
42275958,560.40000000,0.10870000,1736089201081
42275959,560.40000000,0.10300000,1736089201081
42275960,560.50000000,0.03220000,1736089203491
42275961,560.50000000,0.01810000,1736089204074
42275962,560.50000000,1.00670000,1736089204650
42275963,560.60000000,0.14960000,1736089204799
42275964,560.60000000,0.17040000,1736089204890
42275965,560.60000000,0.12100000,1736089204890
42275966,560.60000000,0.09300000,1736089204890
42275967,560.60000000,0.09400000,1736089204890
42275968,560.60000000,0.15600000,1736089204890
42275969,560.60000000,0.09300000,1736089204890
42275970,560.60000000,0.12500000,1736089204890
42275971,560.70000000,0.08200000,1736089205630
42275972,560.70000000,0.09300000,1736089205630
42275973,560.70000000,0.11300000,1736089205630
42275974,560.70000000,0.09300000,1736089205630
42275975,560.70000000,0.09100000,1736089205630
42275976,560.70000000,0.12100000,1736089205630
42275977,560.70000000,0.09300000,1736089205630
42275978,560.80000000,0.10720000,1736089206847
42275979,560.80000000,0.20000000,1736089208773
42275980,560.80000000,1.30000000,1736089208773
42275981,560.80000000,0.47360000,1736089208773
42275982,560.90000000,0.92910000,1736089209020
42275983,560.90000000,1.34500000,1736089209050
42275984,560.70000000,0.02670000,1736089215856
42275985,560.60000000,0.50700000,1736089217254
42275986,560.60000000,1.34500000,1736089217257
42275987,560.60000000,0.28100000,1736089219278
42275988,560.60000000,0.01600000,1736089220422
42275989,560.60000000,0.03210000,1736089220795
42275990,560.70000000,1.68640000,1736089220856
42275991,560.70000000,0.92800000,1736089220856
42275992,560.70000000,0.16230000,1736089220858
42275993,560.80000000,0.14080000,1736089221622
42275994,560.80000000,0.60860000,1736089222308
42275995,560.80000000,0.21920000,1736089222308
42275996,561.00000000,0.05400000,1736089224170
42275997,561.00000000,1.24600000,1736089224758
42275998,561.10000000,0.81000000,1736089225018
42275999,561.10000000,0.31640000,1736089225021
42276000,561.10000000,1.13800000,1736089225021
42276001,561.10000000,0.14000000,1736089225023
42276002,561.10000000,0.17640000,1736089225023
42276003,561.00000000,1.47000000,1736089226430
42276004,561.00000000,0.43750000,1736089226434
42276005,561.00000000,0.75040000,1736089226434
42276006,561.00000000,0.04490000,1736089227257
42276007,560.90000000,0.04520000,1736089227680
42276008,560.90000000,0.02710000,1736089227680
42276009,560.90000000,0.04480000,1736089227680
42276010,560.70000000,0.25400000,1736089231292
42276011,560.70000000,1.04600000,1736089232337
42276012,560.70000000,0.10000000,1736089235298
42276013,560.70000000,0.12100000,1736089239076
42276014,560.80000000,0.95920000,1736089242122
42276015,560.90000000,1.27800000,1736089242126
42276016,560.90000000,1.30000000,1736089242126
42276017,560.90000000,0.29160000,1736089242126
42276018,561.10000000,0.01340000,1736089247308
42276019,561.10000000,0.01450000,1736089248452
42276020,561.00000000,0.98780000,1736089253970
42276021,561.00000000,1.01220000,1736089253970
42276022,561.20000000,0.71990000,1736089260670
42276023,561.20000000,0.03680000,1736089260670
42276024,561.30000000,0.01340000,1736089260698
42276025,561.30000000,1.30000000,1736089260698
42276026,561.30000000,1.91790000,1736089260698
42276027,561.30000000,0.97960000,1736089260698
42276028,561.30000000,0.09400000,1736089260698
42276029,561.30000000,0.11300000,1736089260698
42276030,561.30000000,0.09300000,1736089260698
42276031,561.30000000,0.12500000,1736089260698
42276032,561.30000000,0.12100000,1736089260698
42276033,561.30000000,0.10300000,1736089260698
42276034,561.30000000,0.08200000,1736089260699
42276035,561.30000000,0.09300000,1736089260701
42276036,561.30000000,1.07010000,1736089262036
42276037,561.30000000,0.48740000,1736089265024
42276038,561.20000000,0.01300000,1736089265047
42276039,561.30000000,0.04490000,1736089265196
42276040,561.30000000,0.01000000,1736089266656
42276041,561.30000000,0.33410000,1736089268089
42276042,561.40000000,0.00940000,1736089273218
42276043,561.50000000,0.97850000,1736089273218
42276044,561.30000000,0.01650000,1736089273772
42276045,561.30000000,0.16000000,1736089273772
42276046,561.20000000,0.49950000,1736089274934
42276047,561.20000000,0.68690000,1736089274934
42276048,561.20000000,0.46520000,1736089274936
42276049,561.10000000,1.45440000,1736089274944
42276050,561.10000000,0.01560000,1736089274946
42276051,561.10000000,0.28970000,1736089274946
42276052,561.10000000,1.31410000,1736089276452
42276053,561.10000000,0.14030000,1736089276452
42276054,561.10000000,1.21400000,1736089276469
42276055,561.30000000,1.21400000,1736089279197
42276056,561.30000000,1.98000000,1736089279197
42276057,561.30000000,1.16200000,1736089279197
42276058,561.30000000,0.81800000,1736089279197
42276059,561.30000000,0.98080000,1736089279197
42276060,561.30000000,0.29700000,1736089279197
42276061,561.30000000,0.09300000,1736089279197
42276062,561.30000000,0.09300000,1736089279197
42276063,561.40000000,1.21400000,1736089279197
42276064,561.40000000,1.85690000,1736089279197
42276065,561.40000000,2.05760000,1736089279197
42276066,561.40000000,0.89090000,1736089279197
42276067,561.40000000,0.44540000,1736089279197
42276068,561.40000000,0.08910000,1736089279197
42276069,561.50000000,1.21400000,1736089279197
42276070,561.50000000,1.47000000,1736089279197
42276071,561.50000000,0.01340000,1736089279197
42276072,561.50000000,1.63970000,1736089279197
42276073,561.50000000,0.01990000,1736089279197
42276074,561.50000000,1.00000000,1736089279197
42276075,561.50000000,0.47510000,1736089279197
42276076,561.60000000,1.98000000,1736089279197
42276077,561.60000000,0.07790000,1736089279197
42276078,561.60000000,1.00000000,1736089279198
42276079,561.70000000,0.98780000,1736089279414
42276080,561.70000000,1.98000000,1736089279772
42276081,561.70000000,0.98780000,1736089279772
42276082,561.70000000,1.15300000,1736089279772
42276083,561.80000000,1.51100000,1736089279774
42276084,561.80000000,0.46900000,1736089279774
42276085,561.80000000,0.97350000,1736089279774
42276086,561.80000000,0.70850000,1736089279774
42276087,561.80000000,0.24980000,1736089279774
42276088,561.80000000,1.02170000,1736089279774
42276089,561.90000000,0.89000000,1736089279774
42276090,561.90000000,0.01800000,1736089279776
42276091,561.90000000,1.00000000,1736089279776
42276092,562.10000000,0.03560000,1736089279951
42276093,562.10000000,1.02190000,1736089279951
42276094,562.10000000,0.60520000,1736089279952
42276095,562.10000000,0.64620000,1736089279953
42276096,562.30000000,0.01340000,1736089280423
42276097,562.30000000,0.63440000,1736089280423
42276098,562.40000000,0.01060000,1736089281159
42276099,562.30000000,0.07360000,1736089281740
42276100,562.30000000,0.42130000,1736089281743
42276101,562.20000000,0.95780000,1736089282402
42276102,562.10000000,0.01340000,1736089282406
42276103,562.10000000,0.27740000,1736089282406
42276104,562.10000000,0.41650000,1736089282406
42276105,562.10000000,0.45570000,1736089282406
42276106,562.10000000,0.45570000,1736089282408
42276107,562.10000000,0.05150000,1736089282408
42276108,562.10000000,0.29140000,1736089282408
42276109,562.10000000,0.05150000,1736089282410
42276110,562.10000000,0.16430000,1736089282410
42276111,562.10000000,0.27960000,1736089282410
42276112,562.10000000,0.50720000,1736089282410
42276113,562.10000000,0.45180000,1736089282411
42276114,562.10000000,0.05150000,1736089282411
42276115,562.10000000,0.02220000,1736089282411
42276116,562.10000000,1.45440000,1736089282718
42276117,562.10000000,0.01560000,1736089282721
42276118,562.10000000,0.50750000,1736089282721
42276119,562.10000000,0.49980000,1736089282861
42276120,562.10000000,0.45480000,1736089282861
42276121,562.10000000,0.49980000,1736089282861
42276122,562.10000000,0.01560000,1736089282863
42276123,562.10000000,0.49980000,1736089282863
42276124,562.00000000,0.01110000,1736089283547
42276125,562.10000000,0.01100000,1736089283621
42276126,562.10000000,1.98000000,1736089283621
42276127,562.20000000,0.95230000,1736089283624
42276128,562.30000000,0.02800000,1736089284600
42276129,562.20000000,0.95660000,1736089286711
42276130,562.20000000,0.02790000,1736089286711
42276131,562.20000000,1.15300000,1736089286711
42276132,562.20000000,3.49220000,1736089286711
42276133,562.20000000,0.14080000,1736089286715
42276134,562.20000000,1.15300000,1736089286720
42276135,562.10000000,0.22360000,1736089286877
42276136,562.20000000,0.43040000,1736089287117
42276137,562.10000000,0.27730000,1736089288138
42276138,562.00000000,1.30000000,1736089290300
42276139,562.00000000,0.20940000,1736089290300
42276140,562.00000000,0.37700000,1736089290301
42276141,561.90000000,1.45440000,1736089290323
42276142,561.90000000,0.01340000,1736089290324
42276143,561.80000000,0.01810000,1736089290999
42276144,561.80000000,1.68640000,1736089291277
42276145,561.80000000,0.29360000,1736089291277
42276146,561.80000000,0.85940000,1736089291277
42276147,561.90000000,1.15300000,1736089292053
42276148,561.90000000,0.12100000,1736089292053
42276149,561.90000000,0.09300000,1736089292053
42276150,561.90000000,0.10300000,1736089292053
42276151,562.00000000,1.15300000,1736089292209
42276152,562.00000000,0.01340000,1736089292209
42276153,562.00000000,0.09300000,1736089292209
42276154,562.10000000,1.15300000,1736089292213
42276155,562.10000000,0.01340000,1736089292213
42276156,562.10000000,0.97600000,1736089292213
42276157,562.10000000,0.95600000,1736089292213
42276158,562.10000000,0.51800000,1736089292215
42276159,562.10000000,0.15820000,1736089292215
42276160,562.10000000,0.51800000,1736089292215
42276161,562.10000000,0.60990000,1736089292216
42276162,562.00000000,1.98000000,1736089293194
42276163,562.00000000,0.95260000,1736089293194
42276164,562.00000000,0.27750000,1736089293194
42276165,561.90000000,0.46710000,1736089293203
42276166,561.90000000,0.16680000,1736089293204
42276167,561.60000000,0.61580000,1736089299216
42276168,561.60000000,0.07230000,1736089299217
42276169,561.60000000,0.61190000,1736089299219
42276170,561.50000000,0.85920000,1736089299326
42276171,561.30000000,0.02080000,1736089304322
42276172,561.40000000,0.11300000,1736089304328
42276173,561.40000000,0.09400000,1736089304328
42276174,561.40000000,0.09300000,1736089304328
42276175,561.40000000,0.01340000,1736089304328
42276176,561.40000000,0.12500000,1736089304328
42276177,561.40000000,0.09300000,1736089304328
42276178,561.40000000,0.15600000,1736089304328
42276179,561.40000000,0.05970000,1736089304328
42276180,561.30000000,0.01800000,1736089306098
42276181,561.50000000,0.08870000,1736089309361
42276182,561.40000000,0.17810000,1736089311440
42276183,561.30000000,0.01340000,1736089316840
42276184,561.30000000,0.12100000,1736089316840
42276185,561.30000000,0.18800000,1736089316840
42276186,561.30000000,0.10300000,1736089316840
42276187,561.30000000,0.09300000,1736089316840
42276188,561.30000000,0.09300000,1736089316840
42276189,561.30000000,0.11300000,1736089316840
42276190,561.30000000,0.09400000,1736089316840
42276191,561.30000000,0.15600000,1736089316840
42276192,561.30000000,0.09300000,1736089316840
42276193,561.30000000,0.09300000,1736089316840
42276194,561.40000000,0.97490000,1736089316844
42276195,561.40000000,0.01340000,1736089316844
42276196,561.40000000,0.98690000,1736089316844
42276197,561.40000000,0.27920000,1736089316844
42276198,561.40000000,0.74900000,1736089316844
42276199,561.40000000,0.58900000,1736089316844
42276200,561.30000000,0.37840000,1736089322091
42276201,561.40000000,0.03560000,1736089322145
42276202,561.40000000,0.02690000,1736089322907
42276203,561.20000000,1.98000000,1736089323344
42276204,561.20000000,1.09500000,1736089323344
42276205,561.20000000,0.09170000,1736089323344
42276206,561.10000000,0.10550000,1736089323841
42276207,561.10000000,0.02910000,1736089325727
42276208,561.20000000,0.28060000,1736089325732
42276209,561.20000000,0.15600000,1736089325732
42276210,561.20000000,0.09300000,1736089325732
42276211,561.20000000,0.01340000,1736089325732
42276212,561.20000000,0.49140000,1736089325732
42276213,561.20000000,0.07420000,1736089325734
42276214,561.20000000,0.22790000,1736089327580
42276215,561.20000000,0.41670000,1736089329145
42276216,561.10000000,0.55480000,1736089331425
42276217,561.00000000,1.30000000,1736089332412
42276218,560.90000000,0.44970000,1736089332417
42276219,560.90000000,0.09300000,1736089335511
42276220,560.90000000,0.09400000,1736089335511
42276221,561.00000000,0.01340000,1736089335528
42276222,561.10000000,0.01340000,1736089335769
42276223,561.10000000,0.10300000,1736089335769
42276224,561.10000000,0.09300000,1736089335769
42276225,561.10000000,0.09300000,1736089335769
42276226,561.10000000,0.09100000,1736089335769
42276227,561.10000000,0.09300000,1736089335769
42276228,561.10000000,0.12500000,1736089335769
42276229,561.10000000,0.12100000,1736089335769
42276230,561.10000000,1.09500000,1736089337218
42276231,561.00000000,1.00000000,1736089337219
42276232,561.00000000,0.15440000,1736089337220
42276233,561.00000000,0.84440000,1736089337220
42276234,561.00000000,0.28400000,1736089337220
42276235,561.00000000,1.98000000,1736089337221
42276236,560.90000000,1.09500000,1736089337225
42276237,560.70000000,0.10970000,1736089341185
42276238,560.60000000,0.02180000,1736089341998
42276239,560.60000000,0.97890000,1736089343248
42276240,560.70000000,1.09500000,1736089343304
42276241,560.70000000,0.43850000,1736089343353
42276242,560.70000000,1.01590000,1736089343354
42276243,560.70000000,0.43850000,1736089343354
42276244,560.70000000,0.01560000,1736089343357
42276245,560.70000000,0.04850000,1736089343482
42276246,560.70000000,0.44300000,1736089343486
42276247,560.70000000,1.01140000,1736089343487
42276248,560.70000000,0.44300000,1736089343488
42276249,560.70000000,0.01560000,1736089343488
42276250,560.80000000,0.01340000,1736089345189
42276251,560.80000000,0.09400000,1736089345189
42276252,560.80000000,0.24300000,1736089345189
42276253,560.80000000,0.12100000,1736089345189
42276254,560.80000000,0.09300000,1736089345189
42276255,560.80000000,0.09300000,1736089345189
42276256,560.80000000,0.10300000,1736089345189
42276257,560.80000000,0.12100000,1736089345189
42276258,560.80000000,0.09300000,1736089345189
42276259,560.80000000,0.09300000,1736089345189
42276260,560.80000000,0.18800000,1736089345189
42276261,560.80000000,0.98110000,1736089345189
42276262,560.80000000,0.09300000,1736089345189
42276263,561.00000000,0.01340000,1736089345386
42276264,561.00000000,0.01720000,1736089345386
42276265,560.90000000,0.16870000,1736089348360
42276266,561.00000000,0.05370000,1736089349063
42276267,561.00000000,0.01480000,1736089350622
42276268,561.10000000,0.53990000,1736089352102
42276269,561.10000000,0.76010000,1736089352103
42276270,561.20000000,2.36140000,1736089358025
42276271,561.20000000,0.60780000,1736089358027
42276272,561.20000000,0.81730000,1736089358028
42276273,561.20000000,0.21000000,1736089359094
42276274,561.20000000,0.37430000,1736089359094
42276275,561.20000000,0.08490000,1736089359193
42276276,561.20000000,0.29440000,1736089359193
42276277,561.20000000,0.03040000,1736089359193
42276278,561.20000000,0.92910000,1736089361542
42276279,561.20000000,0.52530000,1736089361542
42276280,561.20000000,0.52530000,1736089361544
42276281,561.20000000,0.41940000,1736089361544
42276282,561.20000000,0.52530000,1736089361547
42276283,561.20000000,0.40380000,1736089361547
42276284,561.10000000,1.04000000,1736089361670
42276285,561.10000000,0.01470000,1736089361670
42276286,561.10000000,0.03060000,1736089361670
42276287,561.10000000,1.04000000,1736089362142
42276288,561.10000000,1.98000000,1736089362142
42276289,561.10000000,1.38070000,1736089362142
42276290,561.10000000,0.06260000,1736089363474
42276291,561.30000000,0.30480000,1736089367503
42276292,561.30000000,0.20210000,1736089367504
42276293,561.30000000,0.47580000,1736089367505
42276294,561.20000000,0.98780000,1736089368972
42276295,560.90000000,0.34870000,1736089374517
42276296,560.80000000,0.00940000,1736089374517
42276297,560.90000000,0.17820000,1736089374865
42276298,560.90000000,0.61530000,1736089376456
42276299,560.90000000,0.83910000,1736089376457
42276300,560.90000000,0.61530000,1736089376457
42276301,560.90000000,0.01560000,1736089376458
42276302,560.90000000,0.61530000,1736089376777
42276303,561.00000000,0.92520000,1736089378564
42276304,561.00000000,0.52920000,1736089378566
42276305,561.00000000,0.51080000,1736089378568
42276306,561.10000000,0.38870000,1736089378894
42276307,561.00000000,1.98000000,1736089382335
42276308,561.00000000,1.04000000,1736089382335
42276309,561.00000000,1.98000000,1736089382335
42276310,560.80000000,1.30000000,1736089387617
42276311,560.80000000,0.66730000,1736089387617
42276312,560.80000000,0.10660000,1736089387617
42276313,560.80000000,0.69610000,1736089387618
42276314,560.40000000,0.98780000,1736089395797
42276315,560.40000000,1.04000000,1736089395798
42276316,560.30000000,0.07590000,1736089397674
42276317,560.20000000,0.00910000,1736089397674
42276318,560.20000000,0.46100000,1736089397674
42276319,560.10000000,0.01930000,1736089399822
42276320,560.10000000,0.01890000,1736089399822
42276321,560.10000000,0.03160000,1736089400163
42276322,560.20000000,1.04000000,1736089400167
42276323,560.20000000,0.09300000,1736089400167
42276324,560.20000000,0.02100000,1736089400167
42276325,560.20000000,0.08200000,1736089400167
42276326,560.20000000,0.09300000,1736089400167
42276327,560.20000000,0.09300000,1736089400167
42276328,560.20000000,0.12100000,1736089400167
42276329,560.20000000,0.01340000,1736089400167
42276330,560.20000000,0.99700000,1736089400167
42276331,560.20000000,0.42310000,1736089400167
42276332,560.20000000,0.41660000,1736089400170
42276333,560.20000000,0.63030000,1736089400170
42276334,560.20000000,0.32050000,1736089400547
42276335,560.20000000,0.04420000,1736089401954
42276336,560.30000000,0.04400000,1736089403434
