Trade ID,Price,Quantity,Time
6841538,3805.40000000,0.14740000,1736086685471
6841539,3805.40000000,0.01680000,1736086685482
6841540,3807.11000000,0.02620000,1736086685490
6841541,3808.69000000,0.30000000,1736086713086
6841542,3807.57000000,0.00290000,1736086713088
6841543,3807.01000000,0.00280000,1736086722907
6841544,3802.98000000,0.27630000,1736086725751
6841545,3802.99000000,0.03300000,1736086725755
6841546,3805.88000000,0.01440000,1736086725755
6841547,3805.88000000,0.03490000,1736086725758
6841548,3801.43000000,0.14070000,1736086725758
6841549,3805.88000000,0.14070000,1736086725762
6841550,3806.08000000,0.16200000,1736086725762
6841551,3806.28000000,0.02090000,1736086725762
6841552,3801.42000000,0.03570000,1736086725763
6841553,3806.42000000,0.08790000,1736086725766
6841554,3806.42000000,0.04090000,1736086725884
6841555,3807.02000000,0.00210000,1736086725884
6841556,3807.02000000,0.09350000,1736086725884
6841557,3807.86000000,0.02540000,1736086725902
6841558,3807.84000000,0.01980000,1736086729184
6841559,3808.56000000,0.02110000,1736086731784
6841560,3808.56000000,0.01790000,1736086731787
6841561,3808.56000000,0.01530000,1736086731790
6841562,3808.56000000,0.01790000,1736086732184
6841563,3809.48000000,0.00470000,1736086732184
6841564,3809.48000000,0.01380000,1736086732186
6841565,3809.48000000,0.03280000,1736086732189
6841566,3809.48000000,0.03170000,1736086732192
6841567,3809.48000000,0.02110000,1736086732202
6841568,3808.82000000,0.00170000,1736086740423
6841569,3809.02000000,0.00280000,1736086751521
6841570,3810.58000000,0.04980000,1736086752877
6841571,3810.58000000,0.24300000,1736086752879
6841572,3810.58000000,0.30720000,1736086752879
6841573,3810.65000000,0.17880000,1736086762205
6841574,3810.65000000,0.12120000,1736086762207
6841575,3809.92000000,0.02090000,1736086762263
6841576,3809.92000000,0.02970000,1736086762265
6841577,3809.92000000,0.02810000,1736086762268
6841578,3809.92000000,0.05790000,1736086762270
6841579,3808.55000000,0.16160000,1736086762943
6841580,3807.16000000,0.16160000,1736086762990
6841581,3808.53000000,0.07420000,1736086776269
6841582,3808.53000000,0.02410000,1736086776273
6841583,3808.53000000,0.01790000,1736086776277
6841584,3808.53000000,0.01560000,1736086776279
6841585,3808.53000000,0.01540000,1736086776283
6841586,3809.79000000,0.14210000,1736086783237
6841587,3808.87000000,0.12180000,1736086790440
6841588,3808.87000000,0.17820000,1736086790441
6841589,3808.87000000,0.17820000,1736086790443
6841590,3808.87000000,0.12180000,1736086790443
6841591,3808.11000000,0.16350000,1736086798073
6841592,3808.11000000,0.05850000,1736086798094
6841593,3807.19000000,0.03280000,1736086798140
6841594,3807.19000000,0.05250000,1736086798170
6841595,3807.19000000,0.04210000,1736086798229
6841596,3807.19000000,0.01530000,1736086798231
6841597,3806.80000000,0.03590000,1736086798258
6841598,3808.05000000,0.02370000,1736086798442
6841599,3808.05000000,0.01700000,1736086798445
6841600,3808.05000000,0.01720000,1736086798450
6841601,3808.05000000,0.01500000,1736086798454
6841602,3808.04000000,0.02840000,1736086799484
6841603,3808.04000000,0.02970000,1736086799684
6841604,3808.04000000,0.02690000,1736086799784
6841605,3808.04000000,0.03780000,1736086799787
6841606,3808.04000000,0.01570000,1736086799790
6841607,3808.04000000,0.02290000,1736086799793
6841608,3808.44000000,0.07290000,1736086799799
6841609,3808.43000000,0.37050000,1736086802125
6841610,3808.43000000,0.22950000,1736086802125
6841611,3808.92000000,0.00160000,1736086811896
6841612,3810.17000000,0.25650000,1736086815316
6841613,3810.17000000,0.24300000,1736086815318
6841614,3810.17000000,0.10050000,1736086815318
6841615,3810.17000000,0.04010000,1736086815966
6841616,3810.17000000,0.03220000,1736086815971
6841617,3810.17000000,0.03940000,1736086815973
6841618,3810.17000000,0.03740000,1736086815976
6841619,3810.17000000,0.02420000,1736086815978
6841620,3809.15000000,0.24300000,1736086823558
6841621,3809.15000000,0.35700000,1736086823560
6841622,3809.36000000,0.05360000,1736086838611
6841623,3810.04000000,0.10000000,1736086841312
6841624,3810.04000000,0.04630000,1736086841314
6841625,3812.13000000,0.07320000,1736086848456
6841626,3812.14000000,0.16200000,1736086848456
6841627,3812.93000000,0.02480000,1736086848522
6841628,3812.93000000,0.01480000,1736086848621
6841629,3813.78000000,0.24300000,1736086848766
6841630,3813.78000000,0.35700000,1736086848768
6841631,3810.18000000,0.00570000,1736086863167
6841632,3812.53000000,0.00490000,1736086874072
6841633,3813.77000000,0.30000000,1736086887698
6841634,3813.77000000,0.21830000,1736086887698
6841635,3813.77000000,0.02540000,1736086887700
6841636,3813.77000000,0.05630000,1736086887700
6841637,3812.03000000,0.00200000,1736086893198
6841638,3815.68000000,0.30000000,1736086925948
6841639,3815.68000000,0.02400000,1736086925948
6841640,3815.68000000,0.02830000,1736086925951
6841641,3815.68000000,0.24770000,1736086925951
6841642,3814.29000000,0.30000000,1736086928234
6841643,3814.08000000,0.13800000,1736086928239
6841644,3814.08000000,0.02400000,1736086928239
6841645,3814.08000000,0.13800000,1736086928240
6841646,3812.84000000,0.02800000,1736086929208
6841647,3813.65000000,0.30000000,1736086939576
6841648,3813.65000000,0.16200000,1736086939577
6841649,3813.65000000,0.13800000,1736086939581
6841650,3813.89000000,0.00840000,1736086946987
6841651,3813.36000000,0.30000000,1736086969874
6841652,3813.36000000,0.04800000,1736086969874
6841653,3813.36000000,0.02540000,1736086969880
6841654,3813.36000000,0.02800000,1736086969880
6841655,3813.36000000,0.16200000,1736086969880
6841656,3813.36000000,0.03660000,1736086969880
6841657,3812.97000000,0.02820000,1736086971671
6841658,3812.81000000,0.02300000,1736086978202
6841659,3812.81000000,0.06760000,1736086978203
6841660,3812.04000000,0.02300000,1736086989406
6841661,3812.04000000,0.06770000,1736086989409
6841662,3812.66000000,0.06770000,1736086992289
6841663,3812.85000000,0.20150000,1736086993269
6841664,3812.85000000,0.31470000,1736086993622
6841665,3812.85000000,0.18330000,1736086993624
6841666,3812.85000000,0.02820000,1736086993624
6841667,3812.85000000,0.07380000,1736086993625
6841668,3811.91000000,0.30000000,1736086993626
6841669,3810.34000000,0.16200000,1736086993626
6841670,3808.02000000,0.08080000,1736086993626
6841671,3808.01000000,0.02740000,1736086993626
6841672,3811.91000000,0.16200000,1736086993632
6841673,3812.32000000,0.02870000,1736087002251
6841674,3812.32000000,0.00370000,1736087002684
6841675,3812.31000000,0.06770000,1736087002690
6841676,3814.46000000,0.06520000,1736087006903
6841677,3813.70000000,0.06290000,1736087007246
6841678,3816.21000000,0.02090000,1736087017498
6841679,3816.21000000,0.00240000,1736087017649
6841680,3816.18000000,0.02300000,1736087017757
6841681,3815.51000000,0.06760000,1736087017760
6841682,3816.44000000,0.06760000,1736087024038
6841683,3816.27000000,0.60000000,1736087024041
6841684,3814.95000000,0.10000000,1736087024041
6841685,3814.94000000,0.08610000,1736087024041
6841686,3816.64000000,0.00390000,1736087026391
6841687,3816.64000000,0.00390000,1736087027603
6841688,3815.35000000,0.29980000,1736087041985
6841689,3815.35000000,0.00020000,1736087041987
6841690,3815.35000000,0.21600000,1736087041992
6841691,3815.35000000,0.23030000,1736087041994
6841692,3815.35000000,0.15370000,1736087041995
6841693,3814.00000000,0.00440000,1736087041995
6841694,3814.00000000,0.16200000,1736087041995
6841695,3813.38000000,0.46620000,1736087041995
6841696,3813.62000000,0.02300000,1736087043087
6841697,3813.62000000,0.06760000,1736087043089
6841698,3817.55000000,0.02300000,1736087054685
6841699,3816.72000000,0.06760000,1736087054687
6841700,3817.55000000,0.60000000,1736087054691
6841701,3815.81000000,0.31430000,1736087054692
6841702,3816.88000000,0.00530000,1736087062951
6841703,3816.56000000,0.02300000,1736087074101
6841704,3816.52000000,0.06760000,1736087074102
6841705,3816.83000000,0.00570000,1736087081331
6841706,3816.54000000,0.14800000,1736087091451
6841707,3816.54000000,0.15200000,1736087091453
6841708,3814.80000000,0.04000000,1736087108903
6841709,3816.31000000,0.16200000,1736087130834
6841710,3816.54000000,0.04470000,1736087130845
6841711,3815.64000000,0.01820000,1736087130845
6841712,3816.56000000,0.02300000,1736087132194
6841713,3817.22000000,0.06290000,1736087132200
6841714,3817.22000000,0.60000000,1736087132207
6841715,3816.03000000,0.16200000,1736087132207
6841716,3815.84000000,0.02390000,1736087132207
6841717,3817.22000000,0.02300000,1736087132209
6841718,3818.04000000,0.06770000,1736087132925
6841719,3817.69000000,0.00450000,1736087147209
6841720,3817.68000000,0.00420000,1736087151170
6841721,3817.88000000,0.02300000,1736087152029
6841722,3817.88000000,0.06280000,1736087152031
6841723,3818.64000000,0.01190000,1736087159737
6841724,3818.64000000,0.00140000,1736087161835
6841725,3820.00000000,0.12210000,1736087164399
6841726,3820.00000000,0.04500000,1736087164399
6841727,3821.18000000,0.02300000,1736087164472
6841728,3821.18000000,0.06310000,1736087164479
6841729,3821.18000000,0.53690000,1736087164483
6841730,3821.18000000,0.16590000,1736087164483
6841731,3821.18000000,0.43410000,1736087164488
6841732,3820.19000000,0.16200000,1736087164488
6841733,3820.00000000,0.16200000,1736087164488
6841734,3819.99000000,0.02700000,1736087164488
6841735,3819.99000000,0.13500000,1736087164489
6841736,3819.43000000,0.29910000,1736087164489
6841737,3819.63000000,0.06310000,1736087172400
6841738,3819.63000000,0.02300000,1736087175406
6841739,3819.24000000,0.06310000,1736087175408
6841740,3820.48000000,0.02300000,1736087178656
6841741,3819.64000000,0.03770000,1736087178659
6841742,3818.42000000,0.02540000,1736087178659
6841743,3820.48000000,0.24440000,1736087178662
6841744,3820.48000000,0.02300000,1736087178663
6841745,3820.48000000,0.31410000,1736087178664
6841746,3820.48000000,0.08100000,1736087178666
6841747,3820.48000000,0.06310000,1736087178666
6841748,3820.48000000,0.23030000,1736087178666
6841749,3820.48000000,0.22560000,1736087178669
6841750,3819.31000000,0.16200000,1736087178669
6841751,3818.61000000,0.09190000,1736087178669
6841752,3818.77000000,0.13500000,1736087188930
6841753,3818.77000000,0.16200000,1736087188936
6841754,3818.77000000,0.02540000,1736087188949
6841755,3818.77000000,0.02540000,1736087188992
6841756,3818.77000000,0.02850000,1736087189006
6841757,3818.77000000,0.18330000,1736087189007
6841758,3818.77000000,0.04040000,1736087189007
6841759,3818.63000000,0.02300000,1736087189007
6841760,3818.63000000,0.10020000,1736087189011
6841761,3817.11000000,0.10000000,1736087189011
6841762,3817.10000000,0.02340000,1736087189011
6841763,3816.72000000,0.02540000,1736087189018
6841764,3816.72000000,0.04230000,1736087189018
6841765,3816.57000000,0.02300000,1736087203034
6841766,3816.57000000,0.06760000,1736087203037
6841767,3816.97000000,0.02300000,1736087210242
6841768,3816.97000000,0.13900000,1736087210243
6841769,3816.97000000,0.02290000,1736087210243
6841770,3816.97000000,0.57710000,1736087210245
6841771,3816.78000000,0.12930000,1736087210247
6841772,3816.77000000,0.16200000,1736087210247
6841773,3816.77000000,0.16200000,1736087210247
6841774,3816.38000000,0.16200000,1736087210247
6841775,3816.15000000,0.17070000,1736087210247
6841776,3816.16000000,0.02870000,1736087210251
6841777,3816.16000000,0.02540000,1736087210252
6841778,3816.82000000,0.06290000,1736087211332
6841779,3815.77000000,0.00190000,1736087220123
6841780,3816.53000000,0.00260000,1736087220123
6841781,3817.16000000,0.02300000,1736087220285
6841782,3816.34000000,0.06760000,1736087220287
6841783,3816.34000000,0.18430000,1736087220446
6841784,3816.34000000,0.06690000,1736087220447
6841785,3816.34000000,0.34880000,1736087220447
6841786,3815.58000000,0.07480000,1736087220474
6841787,3814.77000000,0.10000000,1736087220474
6841788,3813.78000000,0.10000000,1736087220474
6841789,3813.63000000,0.03960000,1736087220474
6841790,3816.74000000,0.13970000,1736087240285
6841791,3816.74000000,0.08100000,1736087240287
6841792,3817.75000000,0.33040000,1736087240309
6841793,3817.75000000,0.16960000,1736087240310
6841794,3817.93000000,0.16200000,1736087240424
6841795,3817.93000000,0.16200000,1736087240685
6841796,3818.04000000,0.16200000,1736087240720
6841797,3817.97000000,0.02300000,1736087249627
6841798,3817.97000000,0.31430000,1736087249632
6841799,3816.72000000,0.10000000,1736087249636
6841800,3816.71000000,0.16200000,1736087249636
6841801,3816.50000000,0.02540000,1736087249636
6841802,3816.33000000,0.10000000,1736087249636
6841803,3816.32000000,0.03380000,1736087249636
6841804,3816.51000000,0.15370000,1736087266090
6841805,3816.51000000,0.14630000,1736087266090
6841806,3816.51000000,0.17330000,1736087266090
6841807,3816.51000000,0.12670000,1736087266091
6841808,3816.55000000,0.02300000,1736087289603
6841809,3816.75000000,0.05710000,1736087289605
6841810,3817.48000000,0.02300000,1736087336987
6841811,3817.48000000,0.06760000,1736087336989
6841812,3818.04000000,0.40940000,1736087365213
6841813,3818.04000000,0.02870000,1736087365215
6841814,3818.04000000,0.08100000,1736087365215
6841815,3818.04000000,0.06390000,1736087365215
6841816,3818.04000000,0.01700000,1736087365215
6841817,3818.04000000,0.19600000,1736087365215
6841818,3818.04000000,0.02540000,1736087365217
6841819,3818.04000000,0.07860000,1736087365217
6841820,3816.48000000,0.16200000,1736087365218
6841821,3814.65000000,0.02540000,1736087365218
6841822,3814.02000000,0.06930000,1736087365218
6841823,3814.00000000,0.05760000,1736087365218
6841824,3814.01000000,0.06310000,1736087365221
6841825,3817.69000000,0.02760000,1736087385461
6841826,3817.83000000,0.06760000,1736087385474
6841827,3816.98000000,0.24300000,1736087400710
6841828,3816.98000000,0.05700000,1736087400723
6841829,3816.98000000,0.30000000,1736087400723
6841830,3815.71000000,0.02300000,1736087400726
6841831,3815.71000000,0.07700000,1736087400745
6841832,3815.47000000,0.18330000,1736087400745
6841833,3815.31000000,0.05410000,1736087400745
6841834,3815.71000000,0.17510000,1736087401619
6841835,3815.71000000,0.24130000,1736087401621
6841836,3815.71000000,0.18360000,1736087401630
6841837,3815.71000000,0.04670000,1736087401630
6841838,3815.05000000,0.18330000,1736087410105
6841839,3815.05000000,0.02720000,1736087410108
6841840,3815.05000000,0.38950000,1736087410110
6841841,3814.83000000,0.08310000,1736087410110
6841842,3814.83000000,0.01930000,1736087410141
6841843,3813.83000000,0.03920000,1736087410141
6841844,3811.68000000,0.07250000,1736087410141
6841845,3811.68000000,0.08950000,1736087410143
6841846,3809.37000000,0.22500000,1736087410143
6841847,3809.37000000,0.02300000,1736087410144
6841848,3809.37000000,0.02300000,1736087410144
6841849,3809.37000000,0.13100000,1736087410145
6841850,3809.37000000,0.02300000,1736087410155
6841851,3809.37000000,0.00730000,1736087410156
6841852,3809.37000000,0.02300000,1736087410157
6841853,3809.37000000,0.02300000,1736087410163
6841854,3814.10000000,0.00160000,1736087418270
6841855,3812.50000000,0.00200000,1736087433097
6841856,3812.88000000,0.16200000,1736087436319
6841857,3812.88000000,0.02300000,1736087436320
6841858,3812.88000000,0.41500000,1736087436322
6841859,3812.69000000,0.04940000,1736087436323
6841860,3811.82000000,0.18330000,1736087436323
6841861,3811.69000000,0.16200000,1736087436323
6841862,3810.22000000,0.02030000,1736087436323
6841863,3810.22000000,0.00510000,1736087436324
6841864,3809.34000000,0.16200000,1736087436324
6841865,3806.62000000,0.14760000,1736087436324
6841866,3811.44000000,0.02830000,1736087437586
6841867,3811.41000000,0.02540000,1736087442231
6841868,3811.41000000,0.18330000,1736087442232
6841869,3812.12000000,0.16190000,1736087448329
6841870,3813.68000000,0.02870000,1736087451835
6841871,3813.68000000,0.03440000,1736087451835
6841872,3812.72000000,0.02300000,1736087451835
6841873,3812.43000000,0.06770000,1736087451836
6841874,3813.51000000,0.16180000,1736087460457
6841875,3813.38000000,0.16110000,1736087464350
6841876,3813.38000000,0.13890000,1736087464352
6841877,3812.12000000,0.02470000,1736087464355
6841878,3812.11000000,0.11400000,1736087464355
6841879,3813.41000000,0.06770000,1736087469772
6841880,3813.68000000,0.02300000,1736087472083
6841881,3813.68000000,0.06760000,1736087472087
6841882,3815.67000000,0.05710000,1736087475210
6841883,3815.67000000,0.02300000,1736087475215
6841884,3815.82000000,0.06760000,1736087477790
6841885,3815.68000000,0.01240000,1736087479759
6841886,3815.68000000,0.23060000,1736087479759
6841887,3815.68000000,0.04000000,1736087479765
6841888,3815.68000000,0.02940000,1736087479765
6841889,3815.68000000,0.20090000,1736087479765
6841890,3815.68000000,0.09910000,1736087479765
6841891,3814.29000000,0.30000000,1736087481558
6841892,3814.29000000,0.01460000,1736087481558
6841893,3814.29000000,0.60000000,1736087481563
6841894,3812.12000000,0.16200000,1736087481563
6841895,3811.99000000,0.02440000,1736087481563
6841896,3813.35000000,0.02730000,1736087488601
6841897,3813.75000000,0.16180000,1736087492182
6841898,3813.80000000,0.21540000,1736087494722
6841899,3812.20000000,0.02300000,1736087494727
6841900,3811.99000000,0.07930000,1736087494760
6841901,3811.66000000,0.10000000,1736087494760
6841902,3811.35000000,0.02540000,1736087494760
6841903,3810.10000000,0.10000000,1736087494760
6841904,3810.09000000,0.00990000,1736087494760
6841905,3813.11000000,0.06770000,1736087497235
6841906,3813.27000000,0.02300000,1736087499601
6841907,3813.27000000,0.05480000,1736087499603
6841908,3814.11000000,0.02300000,1736087507224
6841909,3815.06000000,0.05220000,1736087507229
6841910,3815.06000000,0.18330000,1736087507230
6841911,3815.06000000,0.02540000,1736087507233
6841912,3815.06000000,0.33910000,1736087507235
6841913,3814.11000000,0.13900000,1736087507235
6841914,3814.04000000,0.29080000,1736087507235
6841915,3814.03000000,0.01740000,1736087507235
6841916,3814.61000000,0.02540000,1736087526775
6841917,3814.61000000,0.00990000,1736087526778
6841918,3814.61000000,0.20160000,1736087526778
6841919,3814.61000000,0.23030000,1736087526780
6841920,3814.61000000,0.02730000,1736087526784
6841921,3814.61000000,0.10550000,1736087526793
6841922,3814.42000000,0.00620000,1736087526793
6841923,3815.35000000,0.02300000,1736087545241
6841924,3815.35000000,0.09870000,1736087545243
6841925,3815.35000000,0.02300000,1736087545243
6841926,3815.35000000,0.02300000,1736087545245
6841927,3815.35000000,0.13230000,1736087545246
6841928,3815.35000000,0.00230000,1736087545246
6841929,3813.80000000,0.10000000,1736087545246
6841930,3813.79000000,0.06760000,1736087545246
6841931,3813.73000000,0.02300000,1736087545248
6841932,3813.73000000,0.02300000,1736087545248
6841933,3813.73000000,0.05400000,1736087545249
6841934,3813.33000000,0.08050000,1736087545249
6841935,3813.34000000,0.02870000,1736087545255
6841936,3815.23000000,0.02540000,1736087546034
6841937,3815.23000000,0.06760000,1736087546037
6841938,3815.23000000,0.01920000,1736087546039
6841939,3815.23000000,0.02800000,1736087550137
6841940,3815.23000000,0.15980000,1736087550168
6841941,3815.23000000,0.30000000,1736087550168
6841942,3813.94000000,0.02300000,1736087584104
6841943,3813.94000000,0.19140000,1736087584109
6841944,3813.94000000,0.16180000,1736087584117
6841945,3814.43000000,0.02300000,1736087586133
6841946,3814.44000000,0.06760000,1736087586135
6841947,3815.22000000,0.31450000,1736087586139
6841948,3815.22000000,0.57090000,1736087586143
6841949,3815.22000000,0.02910000,1736087586145
6841950,3815.22000000,0.12370000,1736087586145
6841951,3815.22000000,0.02300000,1736087586146
6841952,3815.22000000,0.07860000,1736087586148
6841953,3815.22000000,0.37470000,1736087586149
6841954,3814.44000000,0.10160000,1736087586149
6841955,3814.44000000,0.12160000,1736087586153
6841956,3814.43000000,0.13900000,1736087586153
6841957,3814.43000000,0.16200000,1736087586153
6841958,3814.25000000,0.00310000,1736087586153
6841959,3814.23000000,0.16200000,1736087586153
6841960,3813.98000000,0.16140000,1736087586153
6841961,3814.31000000,0.02800000,1736087587271
6841962,3814.31000000,0.02540000,1736087587271
6841963,3814.31000000,0.10860000,1736087587280
6841964,3814.44000000,0.02540000,1736087587280
6841965,3815.01000000,0.02300000,1736087601917
6841966,3815.01000000,0.02300000,1736087601917
6841967,3815.01000000,0.06760000,1736087601919
6841968,3817.45000000,0.02870000,1736087607300
6841969,3817.45000000,0.03440000,1736087607300
6841970,3815.97000000,0.02300000,1736087607300
6841971,3815.97000000,0.06290000,1736087607302
6841972,3814.81000000,0.02300000,1736087619301
6841973,3814.42000000,0.06760000,1736087619303
6841974,3814.43000000,0.02870000,1736087621595
6841975,3814.61000000,0.30000000,1736087631319
6841976,3814.61000000,0.30000000,1736087631319
6841977,3814.24000000,0.23990000,1736087631319
6841978,3813.83000000,0.16200000,1736087631319
6841979,3812.41000000,0.02540000,1736087631319
6841980,3812.38000000,0.01670000,1736087631319
6841981,3814.00000000,0.02300000,1736087644035
6841982,3814.71000000,0.02540000,1736087644041
6841983,3814.71000000,0.06760000,1736087644042
6841984,3814.71000000,0.02870000,1736087644046
6841985,3814.71000000,0.02540000,1736087644047
6841986,3814.71000000,0.33180000,1736087644047
6841987,3814.71000000,0.12110000,1736087644047
6841988,3814.71000000,0.02010000,1736087644047
6841989,3814.71000000,0.57990000,1736087644053
6841990,3814.00000000,0.16200000,1736087644053
6841991,3813.81000000,0.00280000,1736087644053
6841992,3813.61000000,0.04160000,1736087644053
6841993,3813.61000000,0.01500000,1736087645486
6841994,3813.24000000,0.06760000,1736087669403
6841995,3815.48000000,0.31450000,1736087676808
6841996,3815.48000000,0.02540000,1736087676810
6841997,3815.48000000,0.24300000,1736087679616
6841998,3815.48000000,0.23030000,1736087679618
6841999,3815.48000000,0.08100000,1736087679618
6842000,3815.48000000,0.01670000,1736087679618
6842001,3815.48000000,0.02900000,1736087679618
6842002,3813.67000000,0.02870000,1736087679623
6842003,3813.67000000,0.02540000,1736087679624
6842004,3813.67000000,0.00900000,1736087679624
6842005,3815.24000000,0.16200000,1736087709173
6842006,3815.67000000,0.02300000,1736087715626
6842007,3815.67000000,0.06290000,1736087715628
6842008,3816.49000000,0.16190000,1736087736026
6842009,3816.30000000,0.29080000,1736087736052
6842010,3816.29000000,0.16200000,1736087736052
6842011,3816.29000000,0.16200000,1736087736052
6842012,3814.87000000,0.17130000,1736087736052
6842013,3817.07000000,0.02300000,1736087742988
6842014,3816.49000000,0.06290000,1736087742994
6842015,3817.07000000,0.04470000,1736087742995
6842016,3817.07000000,0.31440000,1736087743003
6842017,3817.07000000,0.24090000,1736087743004
6842018,3817.07000000,0.60000000,1736087743004
6842019,3815.33000000,0.31440000,1736087743004
6842020,3815.52000000,0.16200000,1736087743012
6842021,3815.32000000,0.16200000,1736087743012
6842022,3814.86000000,0.10000000,1736087743012
6842023,3814.85000000,0.16200000,1736087743012
6842024,3814.41000000,0.10000000,1736087743012
6842025,3814.40000000,0.09990000,1736087743012
6842026,3816.25000000,0.07440000,1736087743804
6842027,3818.23000000,0.06760000,1736087756037
6842028,3818.22000000,0.02540000,1736087762513
6842029,3818.22000000,0.02790000,1736087762515
6842030,3818.22000000,0.18330000,1736087762515
6842031,3818.22000000,0.06340000,1736087762517
6842032,3818.22000000,0.01760000,1736087762517
6842033,3818.22000000,0.28240000,1736087762517
6842034,3817.07000000,0.00380000,1736087775159
6842035,3818.04000000,0.02300000,1736087778331
6842036,3818.02000000,0.06280000,1736087778333
6842037,3818.17000000,0.02730000,1736087778995
6842038,3818.17000000,0.02540000,1736087779008
6842039,3818.16000000,0.02300000,1736087779034
6842040,3818.17000000,0.06760000,1736087779036
6842041,3818.57000000,0.02300000,1736087796879
6842042,3818.57000000,0.06280000,1736087796880
6842043,3818.84000000,0.02300000,1736087799979
6842044,3818.84000000,0.06310000,1736087799980
6842045,3819.00000000,0.02280000,1736087811695
6842046,3819.00000000,0.13920000,1736087811697
6842047,3819.91000000,0.06310000,1736087811759
6842048,3819.51000000,0.09870000,1736087811759
6842049,3820.35000000,0.16180000,1736087815635
6842050,3820.55000000,0.04410000,1736087833371
6842051,3820.55000000,0.00820000,1736087833374
6842052,3820.69000000,0.00280000,1736087834166
6842053,3821.66000000,0.05130000,1736087834173
6842054,3821.66000000,0.16200000,1736087834177
6842055,3820.88000000,0.05230000,1736087834177
6842056,3820.87000000,0.16200000,1736087834177
6842057,3820.15000000,0.16200000,1736087834177
6842058,3819.56000000,0.00700000,1736087834177
6842059,3819.57000000,0.06310000,1736087834182
6842060,3824.38000000,0.30000000,1736087923551
6842061,3823.21000000,0.00410000,1736087924097
6842062,3823.21000000,0.02300000,1736087962193
6842063,3823.21000000,0.06300000,1736087962195
6842064,3820.75000000,0.06770000,1736087984824
6842065,3824.66000000,0.31070000,1736088018743
6842066,3824.66000000,0.08100000,1736088018746
6842067,3824.66000000,0.16260000,1736088018746
6842068,3824.66000000,0.04570000,1736088018746
6842069,3824.66000000,0.13760000,1736088018746
6842070,3824.66000000,0.02810000,1736088018746
6842071,3824.66000000,0.13430000,1736088018746
6842072,3823.22000000,0.02740000,1736088018808
6842073,3823.22000000,0.13460000,1736088018812
6842074,3824.21000000,0.00580000,1736088023596
6842075,3824.60000000,0.00530000,1736088032819
6842076,3824.60000000,0.23810000,1736088044660
6842077,3824.60000000,0.36190000,1736088044678
6842078,3824.60000000,0.26660000,1736088044678
6842079,3824.60000000,0.02740000,1736088044679
6842080,3824.60000000,0.00600000,1736088044679
6842081,3826.08000000,0.02300000,1736088103000
6842082,3825.16000000,0.06300000,1736088103002
6842083,3826.04000000,0.16180000,1736088118059
6842084,3826.05000000,0.16200000,1736088118066
6842085,3826.04000000,0.00020000,1736088118066
6842086,3826.04000000,0.47400000,1736088118066
6842087,3826.04000000,0.02870000,1736088119012
6842088,3826.04000000,0.04870000,1736088119162
6842089,3826.04000000,0.08710000,1736088119164
6842090,3826.94000000,0.00270000,1736088120576
6842091,3827.46000000,0.02300000,1736088126601
6842092,3827.46000000,0.00320000,1736088126603
6842093,3827.36000000,0.06450000,1736088126603
6842094,3826.97000000,0.06770000,1736088126611
6842095,3826.97000000,0.06770000,1736088126619
6842096,3827.12000000,0.00550000,1736088130866
6842097,3826.97000000,0.18330000,1736088133031
6842098,3826.97000000,0.02870000,1736088133032
6842099,3826.97000000,0.33010000,1736088133048
6842100,3826.97000000,0.05790000,1736088133054
6842101,3826.97000000,0.02310000,1736088133054
6842102,3826.97000000,0.02540000,1736088133055
6842103,3826.97000000,0.43110000,1736088133055
6842104,3826.97000000,0.02540000,1736088133064
6842105,3826.97000000,0.00440000,1736088133084
6842106,3826.97000000,0.09870000,1736088133084
6842107,3825.90000000,0.02540000,1736088137833
6842108,3825.65000000,0.04230000,1736088137833
6842109,3827.58000000,0.00380000,1736088145096
6842110,3828.75000000,0.02540000,1736088165780
6842111,3828.84000000,0.00570000,1736088165827
6842112,3829.16000000,0.02730000,1736088169004
6842113,3829.16000000,0.02490000,1736088169006
6842114,3830.49000000,0.00280000,1736088217905
6842115,3829.65000000,0.06480000,1736088217905
6842116,3830.86000000,0.02290000,1736088221797
6842117,3830.86000000,0.06760000,1736088221799
6842118,3830.86000000,0.20990000,1736088221801
6842119,3830.86000000,0.39010000,1736088221803
6842120,3829.71000000,0.16200000,1736088221803
6842121,3829.28000000,0.23100000,1736088221803
6842122,3831.86000000,0.02290000,1736088235418
6842123,3831.34000000,0.05010000,1736088235422
6842124,3831.26000000,0.02730000,1736088261334
6842125,3831.26000000,0.02490000,1736088261336
6842126,3829.71000000,0.02870000,1736088261360
6842127,3831.14000000,0.02290000,1736088294904
6842128,3831.14000000,0.06290000,1736088294906
6842129,3831.91000000,0.00160000,1736088298024
6842130,3832.71000000,0.02540000,1736088312266
6842131,3832.71000000,0.02870000,1736088312266
6842132,3832.71000000,0.24300000,1736088312271
6842133,3832.71000000,0.13590000,1736088312271
6842134,3831.54000000,0.16200000,1736088312284
6842135,3831.04000000,0.10000000,1736088312284
6842136,3831.03000000,0.05110000,1736088312284
6842137,3833.49000000,0.05610000,1736088317949
6842138,3834.33000000,0.05610000,1736088322345
6842139,3834.50000000,0.16200000,1736088322352
6842140,3834.50000000,0.60000000,1736088322357
6842141,3834.33000000,0.18230000,1736088322357
6842142,3834.76000000,0.05610000,1736088326206
6842143,3835.10000000,0.06310000,1736088327243
6842144,3836.32000000,0.02540000,1736088330624
6842145,3836.32000000,0.00570000,1736088330629
6842146,3836.32000000,0.37670000,1736088330629
6842147,3836.32000000,0.19220000,1736088330631
6842148,3836.32000000,0.05080000,1736088330631
6842149,3836.32000000,0.33210000,1736088330634
6842150,3836.32000000,0.21710000,1736088330634
6842151,3836.05000000,0.05610000,1736088330669
6842152,3833.75000000,0.06770000,1736088330925
6842153,3834.26000000,0.06750000,1736088330931
6842154,3834.15000000,0.06300000,1736088362836
6842155,3834.15000000,0.02290000,1736088362836
6842156,3834.15000000,0.02090000,1736088362837
6842157,3834.15000000,0.02090000,1736088362844
6842158,3834.64000000,0.00140000,1736088376746
6842159,3835.59000000,0.02770000,1736088381336
6842160,3835.59000000,0.16420000,1736088381337
6842161,3835.61000000,0.07570000,1736088381337
6842162,3835.61000000,0.00790000,1736088381347
6842163,3835.61000000,0.29080000,1736088381347
6842164,3835.61000000,0.00790000,1736088381364
6842165,3835.61000000,0.04210000,1736088381388
6842166,3835.61000000,0.02540000,1736088381400
6842167,3835.60000000,0.02290000,1736088381443
6842168,3835.60000000,0.06310000,1736088381445
6842169,3835.60000000,0.00180000,1736088382398
6842170,3835.79000000,0.00270000,1736088390075
6842171,3836.12000000,0.02290000,1736088396201
6842172,3836.12000000,0.06310000,1736088396203
6842173,3838.09000000,0.06890000,1736088405108
6842174,3839.07000000,0.02290000,1736088406132
6842175,3839.07000000,0.02080000,1736088406133
6842176,3839.07000000,0.02080000,1736088406135
6842177,3838.87000000,0.02290000,1736088408384
6842178,3838.87000000,0.02770000,1736088408386
6842179,3838.87000000,0.24940000,1736088408387
6842180,3837.86000000,0.02770000,1736088408387
6842181,3837.86000000,0.07230000,1736088408388
6842182,3837.85000000,0.16200000,1736088408388
6842183,3836.96000000,0.06550000,1736088408388
6842184,3837.31000000,0.02540000,1736088415743
6842185,3837.31000000,0.24300000,1736088415744
6842186,3837.31000000,0.03160000,1736088415745
6842187,3837.31000000,0.10790000,1736088415745
6842188,3837.31000000,0.18330000,1736088415745
6842189,3837.31000000,0.00880000,1736088415747
6842190,3837.31000000,0.23420000,1736088415751
6842191,3837.31000000,0.01580000,1736088415755
6842192,3837.16000000,0.02540000,1736088419856
6842193,3837.16000000,0.02770000,1736088419856
6842194,3837.24000000,0.02540000,1736088419863
6842195,3837.24000000,0.02540000,1736088419874
6842196,3836.94000000,0.00170000,1736088420125
6842197,3836.35000000,0.00340000,1736088435981
6842198,3836.55000000,0.02770000,1736088441585
6842199,3836.55000000,0.02540000,1736088441587
6842200,3836.55000000,0.09870000,1736088441587
6842201,3836.55000000,0.30000000,1736088441803
6842202,3836.55000000,0.05850000,1736088441803
6842203,3836.55000000,0.24150000,1736088441820
6842204,3836.55000000,0.05850000,1736088441820
6842205,3836.55000000,0.02540000,1736088441833
6842206,3836.55000000,0.07500000,1736088441840
6842207,3836.55000000,0.02540000,1736088441846
6842208,3836.58000000,0.00600000,1736088443877
6842209,3835.58000000,0.13350000,1736088456037
6842210,3835.58000000,0.00020000,1736088456041
6842211,3835.58000000,0.60000000,1736088456041
6842212,3834.82000000,0.16200000,1736088456041
6842213,3834.04000000,0.02000000,1736088456041
6842214,3834.05000000,0.02780000,1736088456045
6842215,3834.05000000,0.02540000,1736088456045
6842216,3835.58000000,0.00220000,1736088456051
6842217,3834.62000000,0.31290000,1736088462669
6842218,3834.62000000,0.02560000,1736088462671
6842219,3834.62000000,0.02540000,1736088462671
6842220,3834.62000000,0.23610000,1736088462673
6842221,3834.48000000,0.06680000,1736088462673
6842222,3833.86000000,0.16200000,1736088462673
6842223,3833.61000000,0.10000000,1736088462673
6842224,3833.60000000,0.00880000,1736088462673
6842225,3833.86000000,0.05320000,1736088462946
6842226,3833.86000000,0.04000000,1736088463584
6842227,3835.53000000,0.02290000,1736088467734
6842228,3835.53000000,0.05320000,1736088467737
6842229,3835.72000000,0.16190000,1736088467745
6842230,3836.05000000,0.02290000,1736088469904
6842231,3836.05000000,0.05320000,1736088469905
6842232,3835.99000000,0.00880000,1736088470231
6842233,3836.22000000,0.02290000,1736088471408
6842234,3836.11000000,0.05320000,1736088471410
6842235,3836.43000000,0.02290000,1736088473463
6842236,3836.43000000,0.05320000,1736088473465
6842237,3836.63000000,0.02290000,1736088473552
6842238,3836.63000000,0.06310000,1736088473553
6842239,3837.22000000,0.02290000,1736088482489
6842240,3837.22000000,0.24300000,1736088482491
6842241,3837.22000000,0.03410000,1736088482492
6842242,3837.22000000,0.27710000,1736088482494
6842243,3837.22000000,0.02290000,1736088482495
6842244,3835.41000000,0.03340000,1736088482495
6842245,3835.40000000,0.10000000,1736088482495
6842246,3835.31000000,0.10000000,1736088482495
6842247,3835.28000000,0.04370000,1736088482495
6842248,3835.98000000,0.02540000,1736088490925
6842249,3835.98000000,0.02870000,1736088490927
6842250,3835.97000000,0.02290000,1736088490950
6842251,3835.97000000,0.06310000,1736088490952
6842252,3835.56000000,0.02290000,1736088507045
6842253,3835.56000000,0.05320000,1736088507046
6842254,3835.59000000,0.02870000,1736088509891
6842255,3835.59000000,0.01510000,1736088509892
6842256,3835.59000000,0.01030000,1736088509892
6842257,3835.59000000,0.24300000,1736088509894
6842258,3835.51000000,0.05340000,1736088509933
6842259,3834.47000000,0.02290000,1736088509934
6842260,3834.17000000,0.05320000,1736088509936
6842261,3834.34000000,0.00430000,1736088511708
6842262,3836.11000000,0.02290000,1736088522926
6842263,3836.11000000,0.13910000,1736088522931
6842264,3836.11000000,0.02280000,1736088522931
6842265,3836.12000000,0.16200000,1736088522940
6842266,3836.12000000,0.06310000,1736088522940
6842267,3836.11000000,0.13920000,1736088522940
6842268,3836.11000000,0.41770000,1736088522940
6842269,3837.34000000,0.02290000,1736088540729
6842270,3837.34000000,0.60000000,1736088540732
6842271,3836.27000000,0.29080000,1736088540732
6842272,3836.26000000,0.16200000,1736088540732
6842273,3835.57000000,0.12430000,1736088540732
6842274,3835.57000000,0.31270000,1736088540733
6842275,3835.35000000,0.02870000,1736088540738
6842276,3835.35000000,0.02540000,1736088540738
6842277,3835.35000000,0.00900000,1736088540738
6842278,3835.35000000,0.06770000,1736088540738
6842279,3836.88000000,0.23410000,1736088543384
6842280,3837.07000000,0.06750000,1736088546505
6842281,3837.86000000,0.02290000,1736088550404
6842282,3837.86000000,0.06300000,1736088550406
6842283,3839.36000000,0.02870000,1736088551432
6842284,3838.66000000,0.02290000,1736088551433
6842285,3838.30000000,0.06300000,1736088551435
6842286,3839.00000000,0.01910000,1736088553178
6842287,3839.00000000,0.02870000,1736088553178
6842288,3839.84000000,0.02290000,1736088554234
6842289,3839.84000000,0.06770000,1736088554236
6842290,3840.16000000,0.00140000,1736088556486
6842291,3839.91000000,0.01430000,1736088559323
6842292,3839.91000000,0.02870000,1736088559324
6842293,3839.91000000,0.02540000,1736088559324
6842294,3839.91000000,0.02290000,1736088559520
6842295,3839.91000000,0.01910000,1736088559522
6842296,3839.91000000,0.25800000,1736088559523
6842297,3839.00000000,0.01910000,1736088559523
6842298,3839.00000000,0.14290000,1736088559524
6842299,3838.41000000,0.15680000,1736088559524
6842300,3838.79000000,0.00910000,1736088568380
6842301,3837.95000000,0.02290000,1736088579861
6842302,3836.89000000,0.06750000,1736088579862
6842303,3839.30000000,0.02290000,1736088603939
6842304,3839.30000000,0.06280000,1736088603940
6842305,3841.59000000,0.02540000,1736088610714
6842306,3841.59000000,0.02540000,1736088610721
6842307,3841.59000000,0.02540000,1736088610740
6842308,3841.59000000,0.04850000,1736088610743
6842309,3841.18000000,0.00230000,1736088624675
6842310,3841.49000000,0.02540000,1736088661578
6842311,3841.49000000,0.02540000,1736088661608
6842312,3841.49000000,0.02540000,1736088661645
6842313,3841.47000000,0.02750000,1736088663883
6842314,3841.47000000,0.02540000,1736088663884
6842315,3841.47000000,0.04450000,1736088663889
6842316,3841.88000000,0.01920000,1736088665059
6842317,3841.35000000,0.02540000,1736088674019
6842318,3841.72000000,0.06750000,1736088674102
6842319,3841.72000000,0.02290000,1736088674103
6842320,3841.72000000,0.02240000,1736088674104
6842321,3841.72000000,0.02240000,1736088674106
6842322,3841.80000000,0.24300000,1736088679320
6842323,3841.80000000,0.24300000,1736088679322
6842324,3841.80000000,0.08100000,1736088679322
6842325,3841.80000000,0.02540000,1736088679322
6842326,3841.80000000,0.00760000,1736088679322
6842327,3841.13000000,0.00530000,1736088683042
6842328,3840.98000000,0.06770000,1736088685223
6842329,3841.43000000,0.00230000,1736088691491
6842330,3840.95000000,0.02750000,1736088702632
6842331,3840.95000000,0.02540000,1736088702633
6842332,3840.95000000,0.24300000,1736088704212
6842333,3840.95000000,0.00410000,1736088704213
6842334,3840.95000000,0.30000000,1736088704213
6842335,3840.70000000,0.02290000,1736088708873
6842336,3840.11000000,0.06770000,1736088708875
6842337,3839.90000000,0.60000000,1736088722716
6842338,3838.60000000,0.02540000,1736088724152
6842339,3840.01000000,0.02540000,1736088736282
6842340,3840.62000000,0.02290000,1736088736502
6842341,3840.62000000,0.06770000,1736088736503
6842342,3840.61000000,0.02750000,1736088790747
6842343,3839.36000000,0.02750000,1736088811532
6842344,3838.78000000,0.31260000,1736088829226
6842345,3838.78000000,0.23990000,1736088829228
6842346,3838.78000000,0.13130000,1736088829229
6842347,3838.78000000,0.24300000,1736088829229
6842348,3837.74000000,0.16200000,1736088829230
6842349,3837.36000000,0.19190000,1736088829230
6842350,3837.28000000,0.16200000,1736088829230
6842351,3836.90000000,0.10000000,1736088829230
6842352,3836.89000000,0.16200000,1736088829230
6842353,3836.30000000,0.00350000,1736088829230
6842354,3837.65000000,0.02230000,1736088847183
6842355,3838.36000000,0.02230000,1736088867108
6842356,3838.36000000,0.02540000,1736088867110
6842357,3838.36000000,0.33530000,1736088867112
6842358,3838.36000000,0.00240000,1736088867114
6842359,3838.36000000,0.38700000,1736088867117
6842360,3838.36000000,0.21300000,1736088867117
6842361,3838.36000000,0.27060000,1736088867117
6842362,3838.36000000,0.16200000,1736088867118
6842363,3836.90000000,0.00280000,1736088871029
6842364,3835.93000000,0.00170000,1736088888326
6842365,3836.16000000,0.02540000,1736088892714
6842366,3836.16000000,0.04210000,1736088892714
6842367,3835.79000000,0.16190000,1736088900594
6842368,3835.79000000,0.60000000,1736088900598
6842369,3835.79000000,0.18210000,1736088900598
6842370,3835.60000000,0.24700000,1736088900601
6842371,3835.04000000,0.16200000,1736088900601
6842372,3834.35000000,0.16200000,1736088900601
6842373,3833.94000000,0.10000000,1736088900601
6842374,3833.93000000,0.11110000,1736088900601
6842375,3835.79000000,0.16190000,1736088905779
6842376,3835.81000000,0.16200000,1736088905787
6842377,3835.79000000,0.60000000,1736088905787
6842378,3835.60000000,0.02010000,1736088905787
6842379,3835.60000000,0.14190000,1736088905792
6842380,3835.60000000,0.16200000,1736088905792
6842381,3834.82000000,0.01990000,1736088905792
6842382,3835.99000000,0.02290000,1736088908802
6842383,3835.99000000,0.06750000,1736088908804
6842384,3836.39000000,0.06750000,1736088912324
6842385,3836.29000000,0.01020000,1736088916233
6842386,3837.63000000,0.02290000,1736088919504
6842387,3838.04000000,0.06750000,1736088919507
6842388,3838.04000000,0.53250000,1736088919511
6842389,3837.24000000,0.16200000,1736088919511
6842390,3836.82000000,0.08710000,1736088919511
6842391,3837.67000000,0.16180000,1736088942227
6842392,3837.67000000,0.60000000,1736088942231
6842393,3836.78000000,0.16200000,1736088942231
6842394,3836.59000000,0.01970000,1736088942231
6842395,3836.71000000,0.02290000,1736088949592
6842396,3836.59000000,0.00150000,1736088949594
6842397,3836.59000000,0.06600000,1736088949594
6842398,3836.71000000,0.02290000,1736088950937
6842399,3836.71000000,0.06750000,1736088950938
6842400,3836.76000000,0.02870000,1736088954087
6842401,3836.76000000,0.02540000,1736088954087
6842402,3838.21000000,0.02870000,1736088960378
6842403,3838.21000000,0.02540000,1736088960378
6842404,3838.21000000,0.24300000,1736088960381
6842405,3837.80000000,0.02870000,1736088968633
6842406,3838.09000000,0.02540000,1736088968650
6842407,3838.08000000,0.06280000,1736088968737
6842408,3838.62000000,0.00500000,1736088969691
6842409,3838.49000000,0.02540000,1736088971985
6842410,3838.49000000,0.02870000,1736088971987
6842411,3838.49000000,0.02290000,1736088973448
6842412,3838.49000000,0.30000000,1736088973452
6842413,3837.55000000,0.01260000,1736088973452
6842414,3838.33000000,0.00620000,1736088982625
6842415,3838.29000000,0.02500000,1736088988107
6842416,3838.29000000,0.24300000,1736088994520
6842417,3838.29000000,0.05700000,1736088994525
6842418,3838.29000000,0.30000000,1736088994525
6842419,3836.61000000,0.10000000,1736088994529
6842420,3836.60000000,0.16200000,1736088994529
6842421,3836.03000000,0.05060000,1736088994529
6842422,3836.04000000,0.02870000,1736088994534
6842423,3836.04000000,0.01110000,1736088994535
6842424,3837.83000000,0.02810000,1736089002570
6842425,3837.83000000,0.01180000,1736089002571
6842426,3837.91000000,0.02290000,1736089009402
6842427,3837.91000000,0.06750000,1736089009403
6842428,3837.91000000,0.02290000,1736089015038
6842429,3837.91000000,0.57710000,1736089015048
6842430,3837.91000000,0.31270000,1736089015058
6842431,3837.91000000,0.02290000,1736089015059
6842432,3837.91000000,0.26440000,1736089015060
6842433,3836.52000000,0.02290000,1736089015061
6842434,3836.52000000,0.07710000,1736089015061
6842435,3836.51000000,0.16200000,1736089015061
6842436,3835.85000000,0.10000000,1736089015061
6842437,3835.84000000,0.26090000,1736089015061
6842438,3837.91000000,0.02290000,1736089015063
6842439,3837.91000000,0.28730000,1736089015069
6842440,3837.91000000,0.24300000,1736089015070
6842441,3837.91000000,0.04680000,1736089015071
6842442,3835.83000000,0.02290000,1736089015071
6842443,3835.83000000,0.02290000,1736089015071
6842444,3835.83000000,0.02290000,1736089015073
6842445,3835.83000000,0.02290000,1736089015074
6842446,3835.83000000,0.00840000,1736089015075
6842447,3835.82000000,0.16200000,1736089015075
6842448,3835.79000000,0.10000000,1736089015075
6842449,3835.22000000,0.05220000,1736089015075
6842450,3835.21000000,0.16200000,1736089015075
6842451,3834.89000000,0.02540000,1736089015075
6842452,3831.55000000,0.02600000,1736089015075
6842453,3831.55000000,0.07820000,1736089015075
6842454,3831.54000000,0.16750000,1736089015075
6842455,3831.49000000,0.02290000,1736089015077
6842456,3835.47000000,0.02610000,1736089034418
6842457,3835.48000000,0.18820000,1736089034418
6842458,3836.69000000,0.30210000,1736089060539
6842459,3836.69000000,0.14110000,1736089060541
6842460,3836.69000000,0.02540000,1736089060541
6842461,3836.82000000,0.00260000,1736089072601
6842462,3836.82000000,0.06020000,1736089072601
6842463,3837.99000000,0.24050000,1736089090083
6842464,3837.99000000,0.24300000,1736089090086
6842465,3837.99000000,0.11650000,1736089090086
6842466,3837.99000000,0.20950000,1736089090086
6842467,3837.99000000,0.39050000,1736089090087
6842468,3837.40000000,0.06750000,1736089106091
6842469,3838.08000000,0.02290000,1736089192647
6842470,3838.08000000,0.07320000,1736089192648
6842471,3838.08000000,0.60000000,1736089192650
6842472,3837.02000000,0.10000000,1736089192650
6842473,3837.01000000,0.16200000,1736089192650
6842474,3836.66000000,0.10000000,1736089192650
6842475,3836.65000000,0.20890000,1736089192650
6842476,3836.62000000,0.00620000,1736089192650
6842477,3836.62000000,0.15580000,1736089192651
6842478,3835.01000000,0.15690000,1736089192651
6842479,3836.58000000,0.14110000,1736089200356
6842480,3836.58000000,0.45890000,1736089200357
6842481,3834.61000000,0.31280000,1736089200430
6842482,3836.72000000,0.02760000,1736089202319
6842483,3836.72000000,0.02540000,1736089202327
6842484,3836.72000000,0.02540000,1736089202340
6842485,3836.72000000,0.01570000,1736089202845
6842486,3839.69000000,0.00280000,1736089232168
6842487,3840.24000000,0.00250000,1736089270561
6842488,3840.25000000,0.00630000,1736089270561
6842489,3840.61000000,0.04700000,1736089273127
6842490,3840.62000000,0.15850000,1736089273127
6842491,3840.62000000,0.61450000,1736089273129
6842492,3840.62000000,1.22700000,1736089273130
6842493,3841.65000000,0.06270000,1736089273136
6842494,3841.65000000,0.00500000,1736089273141
6842495,3841.65000000,0.16200000,1736089273141
6842496,3841.65000000,0.16200000,1736089273141
6842497,3841.65000000,0.45190000,1736089273141
6842498,3841.65000000,0.60000000,1736089273145
6842499,3840.99000000,0.16200000,1736089273145
6842500,3840.61000000,0.01890000,1736089273145
6842501,3841.65000000,0.31240000,1736089273151
6842502,3841.65000000,0.02820000,1736089273152
6842503,3841.65000000,0.60000000,1736089273154
6842504,3841.26000000,0.16200000,1736089273154
6842505,3840.61000000,0.01890000,1736089273154
6842506,3841.44000000,0.00570000,1736089282453
6842507,3841.91000000,0.00570000,1736089283868
6842508,3841.44000000,0.00230000,1736089292110
6842509,3841.44000000,0.18100000,1736089292110
6842510,3841.44000000,0.11900000,1736089292112
6842511,3840.00000000,0.02870000,1736089292119
6842512,3840.82000000,0.06770000,1736089346712
6842513,3840.82000000,0.02290000,1736089346712
6842514,3842.37000000,0.02790000,1736089369796
6842515,3842.37000000,0.02540000,1736089369796
6842516,3842.37000000,0.09880000,1736089369797
6842517,3842.37000000,0.44790000,1736089369798
6842518,3842.37000000,0.03410000,1736089369798
6842519,3842.37000000,0.09630000,1736089369799
6842520,3842.37000000,0.05750000,1736089369799
6842521,3842.37000000,0.41210000,1736089369799
6842522,3840.87000000,0.16200000,1736089369884
6842523,3840.87000000,0.16200000,1736089369884
6842524,3841.68000000,0.06770000,1736089378524
6842525,3842.07000000,0.02540000,1736089378646
6842526,3842.07000000,0.23990000,1736089378687
6842527,3842.22000000,0.00170000,1736089380224
6842528,3842.74000000,0.02290000,1736089382471
6842529,3842.74000000,0.14110000,1736089382472
6842530,3842.74000000,0.60000000,1736089382477
6842531,3841.21000000,0.16200000,1736089382477
6842532,3840.85000000,0.15260000,1736089382477
6842533,3840.83000000,0.10000000,1736089382477
6842534,3840.82000000,0.02140000,1736089382477
6842535,3840.82000000,0.14060000,1736089382481
6842536,3840.70000000,0.17170000,1736089382481
6842537,3840.71000000,0.02790000,1736089382490
