Trade ID,Price,Quantity,Time
13779204,97254.99000000,0.00210000,1736087200305
13779205,97254.99000000,0.00020000,1736087200307
13779206,97260.21000000,0.00850000,1736087201827
13779207,97264.96000000,0.00140000,1736087201836
13779208,97259.86000000,0.00210000,1736087203678
13779209,97261.25000000,0.00190000,1736087203679
13779210,97261.25000000,0.00210000,1736087203802
13779211,97261.26000000,0.00210000,1736087203804
13779212,97261.27000000,0.00210000,1736087203805
13779213,97261.44000000,0.00050000,1736087203809
13779214,97268.90000000,0.00010000,1736087204017
13779215,97260.77000000,0.00251000,1736087204818
13779216,97261.05000000,0.00269000,1736087204818
13779217,97260.76000000,0.00050000,1736087204822
13779218,97271.26000000,0.00010000,1736087205335
13779219,97261.68000000,0.00123000,1736087207830
13779220,97261.63000000,0.00087000,1736087207830
13779221,97261.63000000,0.00120000,1736087207831
13779222,97261.63000000,0.00010000,1736087207832
13779223,97261.63000000,0.00080000,1736087207832
13779224,97261.63000000,0.00120000,1736087207833
13779225,97261.63000000,0.00080000,1736087207833
13779226,97261.63000000,0.00010000,1736087207833
13779227,97261.63000000,0.00080000,1736087207834
13779228,97261.63000000,0.00120000,1736087207834
13779229,97261.63000000,0.00010000,1736087207835
13779230,97261.63000000,0.00080000,1736087207836
13779231,97261.63000000,0.00120000,1736087207836
13779232,97261.63000000,0.00010000,1736087207837
13779233,97261.63000000,0.00080000,1736087207837
13779234,97261.63000000,0.00120000,1736087207837
13779235,97261.63000000,0.00010000,1736087207838
13779236,97261.63000000,0.00080000,1736087207838
13779237,97261.63000000,0.00120000,1736087207839
13779238,97261.63000000,0.00010000,1736087207839
13779239,97261.63000000,0.00080000,1736087207840
13779240,97261.63000000,0.00120000,1736087207840
13779241,97261.63000000,0.00010000,1736087207841
13779242,97261.63000000,0.00080000,1736087207841
13779243,97261.63000000,0.00120000,1736087207842
13779244,97261.63000000,0.00010000,1736087207842
13779245,97261.63000000,0.00080000,1736087207842
13779246,97261.63000000,0.00080000,1736087207843
13779247,97254.54000000,0.00020000,1736087207976
13779248,97261.43000000,0.00820000,1736087208831
13779249,97266.39000000,0.00080000,1736087210083
13779250,97282.09000000,0.00020000,1736087210647
13779251,97274.26000000,0.00010000,1736087210732
13779252,97289.80000000,0.00390000,1736087212422
13779253,97294.67000000,0.00320000,1736087212423
13779254,97287.68000000,0.00072000,1736087212778
13779255,97279.34000000,0.00210000,1736087212856
13779256,97279.35000000,0.00120000,1736087212931
13779257,97273.97000000,0.00210000,1736087213930
13779258,97273.98000000,0.00210000,1736087213932
13779259,97273.99000000,0.00210000,1736087214030
13779260,97273.99000000,0.00210000,1736087214032
13779261,97273.94000000,0.00170000,1736087214430
13779262,97276.19000000,0.00250000,1736087215030
13779263,97276.19000000,0.00001000,1736087215032
13779264,97288.62000000,0.01210000,1736087215035
13779265,97267.48000000,0.00210000,1736087218169
13779266,97275.57000000,0.00210000,1736087220657
13779267,97278.98000000,0.00163000,1736087220887
13779268,97278.26000000,0.00047000,1736087220887
13779269,97282.87000000,0.00090000,1736087220889
13779270,97283.13000000,0.00060000,1736087221832
13779271,97284.42000000,0.00020000,1736087223055
13779272,97285.28000000,0.00010000,1736087223734
13779273,97276.95000000,0.00010000,1736087224734
13779274,97282.02000000,0.00010000,1736087230756
13779275,97282.01000000,0.00010000,1736087231633
13779276,97282.01000000,0.00030000,1736087231730
13779277,97279.16000000,0.00010000,1736087232631
13779278,97275.19000000,0.00030000,1736087233230
13779279,97277.14000000,0.00010000,1736087233388
13779280,97277.13000000,0.00010000,1736087233391
13779281,97277.13000000,0.00010000,1736087233666
13779282,97270.54000000,0.00230000,1736087233764
13779283,97269.94000000,0.00210000,1736087235007
13779284,97269.94000000,0.00100000,1736087235009
13779285,97275.88000000,0.00010000,1736087235015
13779286,97272.52000000,0.00577000,1736087235927
13779287,97274.16000000,0.00583000,1736087235927
13779288,97272.46000000,0.00030000,1736087237288
13779289,97280.25000000,0.00010000,1736087239330
13779290,97280.16000000,0.00480000,1736087239792
13779291,97288.72000000,0.00050000,1736087240617
13779292,97280.19000000,0.00020000,1736087240734
13779293,97276.92000000,0.00010000,1736087240882
13779294,97281.98000000,0.00040000,1736087242272
13779295,97283.17000000,0.00110000,1736087242274
13779296,97277.57000000,0.00010000,1736087242630
13779297,97288.09000000,0.00130000,1736087243000
13779298,97287.86000000,0.00010000,1736087243430
13779299,97287.86000000,0.00010000,1736087243432
13779300,97287.86000000,0.00030000,1736087243828
13779301,97285.45000000,0.00210000,1736087244954
13779302,97285.45000000,0.00210000,1736087244956
13779303,97285.45000000,0.00120000,1736087244957
13779304,97304.38000000,0.00210000,1736087246781
13779305,97304.00000000,0.00020000,1736087246845
13779306,97312.49000000,0.00210000,1736087247851
13779307,97311.54000000,0.00220000,1736087248912
13779308,97311.39000000,0.00020000,1736087249330
13779309,97310.74000000,0.00210000,1736087249731
13779310,97310.74000000,0.00080000,1736087249732
13779311,97314.46000000,0.00010000,1736087249849
13779312,97311.45000000,0.00210000,1736087250999
13779313,97311.46000000,0.00210000,1736087251000
13779314,97311.47000000,0.00210000,1736087251002
13779315,97311.61000000,0.00062000,1736087251385
13779316,97311.88000000,0.00210000,1736087253288
13779317,97307.75000000,0.00210000,1736087253291
13779318,97307.75000000,0.00210000,1736087253293
13779319,97311.84000000,0.00210000,1736087253294
13779320,97307.75000000,0.00210000,1736087253297
13779321,97307.75000000,0.00210000,1736087253299
13779322,97306.58000000,0.00210000,1736087253307
13779323,97306.59000000,0.00210000,1736087253309
13779324,97306.58000000,0.00022000,1736087253312
13779325,97306.78000000,0.00034000,1736087253340
13779326,97283.87000000,0.00200000,1736087255332
13779327,97287.19000000,0.00210000,1736087255830
13779328,97283.87000000,0.00210000,1736087255837
13779329,97283.88000000,0.00210000,1736087255840
13779330,97288.89000000,0.00250000,1736087256827
13779331,97301.04000000,0.00380000,1736087257530
13779332,97303.04000000,0.00140000,1736087258150
13779333,97303.04000000,0.00003000,1736087258152
13779334,97304.07000000,0.00150000,1736087258932
13779335,97303.73000000,0.00030000,1736087259830
13779336,97298.86000000,0.00020000,1736087260733
13779337,97272.47000000,0.00210000,1736087261760
13779338,97267.61000000,0.00170000,1736087262067
13779339,97279.41000000,0.00330000,1736087262830
13779340,97269.44000000,0.00460000,1736087263830
13779341,97264.59000000,0.00030000,1736087263881
13779342,97262.75000000,0.00210000,1736087264801
13779343,97262.76000000,0.00210000,1736087264802
13779344,97262.76000000,0.00210000,1736087264805
13779345,97262.74000000,0.00210000,1736087264808
13779346,97262.74000000,0.00210000,1736087264811
13779347,97262.75000000,0.00210000,1736087264817
13779348,97262.75000000,0.00210000,1736087264818
13779349,97272.22000000,0.02352000,1736087296430
13779350,97268.06000000,0.00210000,1736087297667
13779351,97266.17000000,0.00120000,1736087297670
13779352,97266.46000000,0.00210000,1736087297793
13779353,97272.06000000,0.00460000,1736087298930
13779354,97271.58000000,0.00050000,1736087299035
13779355,97287.76000000,0.00080000,1736087301097
13779356,97291.92000000,0.00110000,1736087301098
13779357,97281.37000000,0.00310000,1736087306230
13779358,97268.72000000,0.00030000,1736087306370
13779359,97264.37000000,0.00210000,1736087306799
13779360,97264.37000000,0.00060000,1736087306800
13779361,97264.55000000,0.00040000,1736087307742
13779362,97274.02000000,0.00010000,1736087307830
13779363,97277.96000000,0.00210000,1736087308827
13779364,97277.96000000,0.00210000,1736087308829
13779365,97279.20000000,0.00140000,1736087308830
13779366,97283.03000000,0.00020000,1736087308933
13779367,97283.01000000,0.00590000,1736087309943
13779368,97283.03000000,0.00210000,1736087309943
13779369,97285.19000000,0.00210000,1736087312030
13779370,97290.44000000,0.00210000,1736087312730
13779371,97290.44000000,0.00210000,1736087312731
13779372,97290.45000000,0.00200000,1736087312733
13779373,97290.41000000,0.00010000,1736087312735
13779374,97290.41000000,0.00090000,1736087312736
13779375,97290.41000000,0.00110000,1736087312737
13779376,97290.42000000,0.00100000,1736087312738
13779377,97290.42000000,0.00040000,1736087312738
13779378,97282.74000000,0.00020000,1736087313079
13779379,97284.24000000,0.00309000,1736087313829
13779380,97285.02000000,0.00101000,1736087313829
13779381,97280.67000000,0.00040000,1736087313930
13779382,97287.51000000,0.00310000,1736087315731
13779383,97281.74000000,0.00040000,1736087315827
13779384,97283.25000000,0.00010000,1736087315830
13779385,97281.74000000,0.00010000,1736087315833
13779386,97283.11000000,0.00010000,1736087315933
13779387,97281.74000000,0.00010000,1736087315937
13779388,97283.35000000,0.00010000,1736087316332
13779389,97281.08000000,0.00052000,1736087316773
13779390,97281.08000000,0.00210000,1736087316776
13779391,97281.08000000,0.00020000,1736087316778
13779392,97283.26000000,0.00010000,1736087317829
13779393,97277.86000000,0.00010000,1736087320292
13779394,97288.25000000,0.00010000,1736087320630
13779395,97293.91000000,0.00010000,1736087321030
13779396,97293.92000000,0.00010000,1736087321032
13779397,97293.91000000,0.00010000,1736087321034
13779398,97293.92000000,0.00010000,1736087321036
13779399,97293.91000000,0.00010000,1736087321038
13779400,97305.54000000,0.00010000,1736087321259
13779401,97304.52000000,0.00010000,1736087321261
13779402,97305.53000000,0.00010000,1736087321271
13779403,97305.52000000,0.00010000,1736087321327
13779404,97301.94000000,0.00110000,1736087321760
13779405,97305.24000000,0.00020000,1736087322320
13779406,97302.90000000,0.00010000,1736087322427
13779407,97305.24000000,0.00050000,1736087323313
13779408,97302.45000000,0.00010000,1736087323494
13779409,97301.36000000,0.00010000,1736087323750
13779410,97294.28000000,0.00036000,1736087326930
13779411,97284.16000000,0.00180000,1736087326932
13779412,97284.17000000,0.00030000,1736087326933
13779413,97284.17000000,0.00180000,1736087326933
13779414,97293.90000000,0.00210000,1736087326988
13779415,97293.91000000,0.00210000,1736087327005
13779416,97293.92000000,0.00210000,1736087327007
13779417,97289.03000000,0.00210000,1736087327096
13779418,97300.26000000,0.00110000,1736087327407
13779419,97303.31000000,0.00210000,1736087327730
13779420,97303.31000000,0.00122000,1736087327732
13779421,97299.17000000,0.00300000,1736087328829
13779422,97289.76000000,0.00070000,1736087330931
13779423,97287.93000000,0.00070000,1736087331885
13779424,97289.04000000,0.00200000,1736087333860
13779425,97289.05000000,0.00200000,1736087336030
13779426,97307.27000000,0.00210000,1736087341461
13779427,97307.28000000,0.00210000,1736087341463
13779428,97322.48000000,0.00120000,1736087343287
13779429,97312.87000000,0.00210000,1736087347538
13779430,97304.64000000,0.02383000,1736087356534
13779431,97304.64000000,0.00210000,1736087356535
13779432,97304.64000000,0.01277000,1736087356541
13779433,97289.45000000,0.01870000,1736087383030
13779434,97294.80000000,0.00150000,1736087385330
13779435,97299.68000000,0.00210000,1736087385927
13779436,97296.78000000,0.00101000,1736087387290
13779437,97295.99000000,0.00050000,1736087388748
13779438,97295.99000000,0.00002000,1736087388750
13779439,97290.20000000,0.00053000,1736087388755
13779440,97287.77000000,0.00080000,1736087388756
13779441,97294.77000000,0.00010000,1736087389551
13779442,97294.76000000,0.00290000,1736087389828
13779443,97294.65000000,0.00100000,1736087390827
13779444,97279.43000000,0.00010000,1736087391271
13779445,97282.82000000,0.00227000,1736087392330
13779446,97286.52000000,0.00170000,1736087392332
13779447,97283.79000000,0.00030000,1736087396037
13779448,97288.49000000,0.00010000,1736087396630
13779449,97289.12000000,0.00060000,1736087397829
13779450,97270.72000000,0.00210000,1736087400291
13779451,97270.73000000,0.00070000,1736087400300
13779452,97247.45000000,0.00462000,1736087401239
13779453,97251.36000000,0.00251000,1736087401241
13779454,97252.55000000,0.00650000,1736087401243
13779455,97213.21000000,0.00190000,1736087403039
13779456,97215.53000000,0.00020000,1736087403128
13779457,97228.64000000,0.00030000,1736087408732
13779458,97236.69000000,0.00210000,1736087409850
13779459,97236.69000000,0.00210000,1736087409852
13779460,97237.79000000,0.00210000,1736087409866
13779461,97237.79000000,0.00210000,1736087409867
13779462,97237.79000000,0.00210000,1736087409869
13779463,97237.79000000,0.00160000,1736087409875
13779464,97242.92000000,0.00047000,1736087409970
13779465,97242.92000000,0.01595000,1736087410114
13779466,97238.34000000,0.00228000,1736087410123
13779467,97222.99000000,0.00020000,1736087410282
13779468,97233.46000000,0.00680000,1736087411130
13779469,97233.18000000,0.00210000,1736087411911
13779470,97233.18000000,0.00210000,1736087411912
13779471,97233.18000000,0.00210000,1736087411914
13779472,97233.18000000,0.00070000,1736087411918
13779473,97229.62000000,0.00119000,1736087411934
13779474,97229.50000000,0.00001000,1736087411934
13779475,97231.25000000,0.00790000,1736087412830
13779476,97237.93000000,0.00061000,1736087413678
13779477,97238.05000000,0.00020000,1736087413704
13779478,97242.28000000,0.00640000,1736087414029
13779479,97238.05000000,0.00070000,1736087414127
13779480,97242.27000000,0.00010000,1736087414131
13779481,97236.08000000,0.00060000,1736087414733
13779482,97241.72000000,0.00210000,1736087415041
13779483,97242.52000000,0.00210000,1736087415043
13779484,97242.52000000,0.00080000,1736087415046
13779485,97244.14000000,0.00010000,1736087415178
13779486,97236.86000000,0.00150000,1736087416842
13779487,97236.85000000,0.00030000,1736087416842
13779488,97236.85000000,0.00020000,1736087417232
13779489,97240.96000000,0.00250000,1736087417830
13779490,97240.96000000,0.00228000,1736087417833
13779491,97238.06000000,0.00400000,1736087418037
13779492,97237.24000000,0.00020000,1736087418039
13779493,97235.12000000,0.00210000,1736087418833
13779494,97235.12000000,0.00210000,1736087418835
13779495,97235.12000000,0.00210000,1736087418836
13779496,97235.12000000,0.00040000,1736087418838
13779497,97235.11000000,0.00007000,1736087418838
13779498,97227.81000000,0.00007000,1736087418953
13779499,97227.81000000,0.00152000,1736087418990
13779500,97211.99000000,0.00150000,1736087420353
13779501,97211.70000000,0.00154000,1736087420360
13779502,97203.47000000,0.00056000,1736087420360
13779503,97203.47000000,0.00046000,1736087420362
13779504,97194.95000000,0.00200000,1736087421532
13779505,97200.30000000,0.00030000,1736087421730
13779506,97196.25000000,0.00150000,1736087423238
13779507,97201.19000000,0.00020000,1736087423685
13779508,97201.18000000,0.00220000,1736087423730
13779509,97201.17000000,0.00330000,1736087424828
13779510,97188.96000000,0.00210000,1736087433126
13779511,97187.58000000,0.00210000,1736087433131
13779512,97187.58000000,0.00210000,1736087433136
13779513,97187.58000000,0.00030000,1736087433138
13779514,97196.57000000,0.00030000,1736087434827
13779515,97171.21000000,0.00170000,1736087435878
13779516,97171.18000000,0.00080000,1736087436828
13779517,97171.65000000,0.00010000,1736087437243
13779518,97176.50000000,0.00010000,1736087437829
13779519,97167.28000000,0.00070000,1736087437834
13779520,97176.26000000,0.00010000,1736087437838
13779521,97172.15000000,0.00010000,1736087437940
13779522,97182.33000000,0.00010000,1736087438130
13779523,97178.63000000,0.00210000,1736087440220
13779524,97178.63000000,0.00210000,1736087440224
13779525,97178.63000000,0.00210000,1736087440225
13779526,97175.44000000,0.00050000,1736087440229
13779527,97175.43000000,0.00160000,1736087440229
13779528,97180.99000000,0.00160000,1736087440786
13779529,97175.43000000,0.00020000,1736087441111
13779530,97175.74000000,0.00010000,1736087441827
13779531,97177.87000000,0.00820000,1736087444728
13779532,97174.48000000,0.00090000,1736087444817
13779533,97175.40000000,0.00010000,1736087444830
13779534,97174.48000000,0.00010000,1736087444834
13779535,97175.41000000,0.00010000,1736087444838
13779536,97175.26000000,0.00010000,1736087445398
13779537,97175.26000000,0.00210000,1736087445928
13779538,97175.26000000,0.00210000,1736087445929
13779539,97175.26000000,0.00210000,1736087445931
13779540,97175.26000000,0.00210000,1736087445933
13779541,97175.26000000,0.00210000,1736087445934
13779542,97175.26000000,0.00060000,1736087445936
13779543,97175.26000000,0.00160000,1736087446789
13779544,97190.86000000,0.00170000,1736087449335
13779545,97184.98000000,0.00190000,1736087451118
13779546,97187.83000000,0.00010000,1736087451164
13779547,97187.83000000,0.00010000,1736087451817
13779548,97205.72000000,0.00170000,1736087454737
13779549,97205.70000000,0.00210000,1736087461218
13779550,97205.70000000,0.00210000,1736087461220
13779551,97205.70000000,0.00210000,1736087461221
13779552,97205.70000000,0.00110000,1736087461223
13779553,97205.62000000,0.00010000,1736087462330
13779554,97205.71000000,0.00100000,1736087465229
13779555,97205.71000000,0.00002000,1736087465230
13779556,97206.34000000,0.00118000,1736087465230
13779557,97200.50000000,0.00010000,1736087466056
13779558,97200.11000000,0.00013000,1736087467492
13779559,97198.80000000,0.00030000,1736087467532
13779560,97202.56000000,0.00170000,1736087467832
13779561,97208.56000000,0.00140000,1736087470438
13779562,97221.04000000,0.00210000,1736087472034
13779563,97221.04000000,0.00160000,1736087472035
13779564,97233.19000000,0.00460000,1736087472827
13779565,97233.13000000,0.00210000,1736087474642
13779566,97233.13000000,0.00210000,1736087474644
13779567,97242.89000000,0.00210000,1736087475519
13779568,97242.90000000,0.00200000,1736087475520
13779569,97247.77000000,0.00007000,1736087478948
13779570,97247.78000000,0.00210000,1736087479015
13779571,97229.36000000,0.01026000,1736087500268
13779572,97239.80000000,0.02639000,1736087549771
13779573,97239.80000000,0.00150000,1736087549774
13779574,97239.80000000,0.01081000,1736087550320
13779575,97216.46000000,0.00030000,1736087571696
13779576,97216.46000000,0.00004000,1736087574698
13779577,97210.61000000,0.00157000,1736087587114
13779578,97260.85000000,0.00131000,1736087645478
13779579,97260.45000000,0.00010000,1736087653883
13779580,97260.46000000,0.00007000,1736087659321
13779581,97260.45000000,0.00001000,1736087668695
13779582,97260.45000000,0.00009000,1736087668695
13779583,97260.45000000,0.00010000,1736087701930
13779584,97250.47000000,0.00239000,1736087709417
13779585,97279.98000000,0.00007000,1736087719311
13779586,97267.73000000,0.00018000,1736087723116
13779587,97267.93000000,0.00239000,1736087736008
13779588,97299.90000000,0.00500000,1736087745384
13779589,97302.90000000,0.00239000,1736087752939
13779590,97323.32000000,0.00500000,1736087757346
13779591,97327.31000000,0.00007000,1736087779315
13779592,97327.31000000,0.00040000,1736087779393
13779593,97329.38000000,0.00710000,1736087799532
13779594,97334.60000000,0.00660000,1736087799729
13779595,97339.49000000,0.00070000,1736087800380
13779596,97349.21000000,0.00040000,1736087800737
13779597,97340.45000000,0.00010000,1736087800931
13779598,97340.45000000,0.00210000,1736087801727
13779599,97340.45000000,0.00210000,1736087801729
13779600,97340.45000000,0.00110000,1736087801730
13779601,97349.20000000,0.00020000,1736087801935
13779602,97340.45000000,0.00030000,1736087802731
13779603,97340.45000000,0.00456000,1736087802770
13779604,97330.33000000,0.00010000,1736087802940
13779605,97328.54000000,0.00210000,1736087803773
13779606,97328.54000000,0.00210000,1736087803775
13779607,97328.54000000,0.00210000,1736087803776
13779608,97328.54000000,0.00070000,1736087803778
13779609,97338.28000000,0.00250000,1736087805384
13779610,97338.28000000,0.00480000,1736087805384
13779611,97322.40000000,0.00210000,1736087806437
13779612,97322.41000000,0.00210000,1736087806439
13779613,97326.38000000,0.00210000,1736087806530
13779614,97326.38000000,0.00040000,1736087806532
13779615,97339.46000000,0.00500000,1736087806836
13779616,97331.25000000,0.00050000,1736087806882
13779617,97337.58000000,0.00342000,1736087807930
13779618,97337.09000000,0.00070000,1736087811262
13779619,97342.07000000,0.00010000,1736087811268
13779620,97349.74000000,0.00210000,1736087817673
13779621,97349.74000000,0.00080000,1736087817675
13779622,97353.90000000,0.00010000,1736087817939
13779623,97356.15000000,0.00210000,1736087818731
13779624,97356.15000000,0.00210000,1736087818732
13779625,97358.95000000,0.00210000,1736087818736
13779626,97361.82000000,0.01026000,1736087825076
13779627,97358.74000000,0.00007000,1736087839317
13779628,97356.91000000,0.00500000,1736087841963
13779629,97366.73000000,0.00810000,1736087851214
13779630,97364.06000000,0.00070000,1736087851531
13779631,97368.18000000,0.00010000,1736087851807
13779632,97327.35000000,0.00210000,1736087853877
13779633,97327.36000000,0.00210000,1736087853879
13779634,97332.22000000,0.00210000,1736087853881
13779635,97347.31000000,0.00330000,1736087854766
13779636,97359.30000000,0.00210000,1736087856771
13779637,97359.30000000,0.00210000,1736087856772
13779638,97373.92000000,0.00007000,1736087899321
13779639,97376.58000000,0.00440000,1736087918636
13779640,97376.58000000,0.00740000,1736087918637
13779641,97388.52000000,0.00210000,1736087919912
13779642,97388.52000000,0.00050000,1736087919914
13779643,97393.39000000,0.00210000,1736087920732
13779644,97387.55000000,0.00260000,1736087922827
13779645,97392.42000000,0.00449000,1736087922829
13779646,97392.41000000,0.00170000,1736087922831
13779647,97389.74000000,0.00210000,1736087925289
13779648,97389.74000000,0.00210000,1736087925290
13779649,97389.74000000,0.00210000,1736087925292
13779650,97389.74000000,0.00210000,1736087925294
13779651,97389.74000000,0.00050000,1736087925295
13779652,97389.67000000,0.00251000,1736087925974
13779653,97393.39000000,0.00190000,1736087925977
13779654,97393.39000000,0.00002000,1736087927032
13779655,97393.39000000,0.00402000,1736087927032
13779656,97393.39000000,0.00366000,1736087927032
13779657,97389.55000000,0.00080000,1736087927230
13779658,97393.39000000,0.00010000,1736087927731
13779659,97393.39000000,0.00010000,1736087927732
13779660,97393.39000000,0.00016000,1736087927735
13779661,97393.39000000,0.00402000,1736087927735
13779662,97393.39000000,0.00402000,1736087927735
13779663,97393.39000000,0.00402000,1736087927735
13779664,97393.39000000,0.00138000,1736087927735
13779665,97391.72000000,0.00140000,1736087928664
13779666,97393.39000000,0.00030000,1736087928733
13779667,97390.18000000,0.00210000,1736087928824
13779668,97390.18000000,0.00210000,1736087928826
13779669,97390.19000000,0.00090000,1736087928827
13779670,97392.54000000,0.00010000,1736087928911
13779671,97387.20000000,0.00170000,1736087929828
13779672,97392.54000000,0.00020000,1736087930187
13779673,97393.38000000,0.00480000,1736087930737
13779674,97393.39000000,0.00140000,1736087930737
13779675,97393.38000000,0.00070000,1736087931070
13779676,97393.39000000,0.00010000,1736087931072
13779677,97391.47000000,0.00210000,1736087931822
13779678,97391.71000000,0.00210000,1736087931823
13779679,97391.14000000,0.00210000,1736087932030
13779680,97391.71000000,0.00210000,1736087932032
13779681,97393.39000000,0.00030000,1736087932432
13779682,97393.38000000,0.00210000,1736087940830
13779683,97393.38000000,0.00210000,1736087940832
13779684,97393.38000000,0.00210000,1736087940833
13779685,97393.38000000,0.00210000,1736087940835
13779686,97393.38000000,0.00210000,1736087940836
13779687,97393.38000000,0.00210000,1736087940837
13779688,97381.14000000,0.00210000,1736087940838
13779689,97381.15000000,0.00182000,1736087940840
13779690,97381.15000000,0.00028000,1736087940840
13779691,97381.15000000,0.00020000,1736087940841
13779692,97381.15000000,0.00010000,1736087940841
13779693,97381.15000000,0.00180000,1736087940842
13779694,97381.15000000,0.00100000,1736087940844
13779695,97381.15000000,0.00010000,1736087940844
13779696,97381.15000000,0.00020000,1736087940845
13779697,97381.15000000,0.00030000,1736087941827
13779698,97386.02000000,0.00010000,1736087943447
13779699,97386.02000000,0.00010000,1736087944741
13779700,97381.31000000,0.00011000,1736087956696
13779701,97381.31000000,0.00010000,1736087956696
13779702,97381.31000000,0.00011000,1736087956696
13779703,97381.31000000,0.00014000,1736087956696
13779704,97381.31000000,0.00004000,1736087956696
13779705,97381.31000000,0.00008000,1736087957918
13779706,97363.11000000,0.00020000,1736087957931
13779707,97361.64000000,0.00007000,1736087959315
13779708,97363.03000000,0.01260000,1736087962137
13779709,97360.49000000,0.00130000,1736087963255
13779710,97365.33000000,0.00010000,1736087963332
13779711,97362.22000000,0.00010000,1736087964377
13779712,97359.96000000,0.00210000,1736087966291
13779713,97359.96000000,0.00100000,1736087966293
13779714,97366.71000000,0.00010000,1736087966297
13779715,97361.44000000,0.00620000,1736087970928
13779716,97362.48000000,0.01370000,1736087971730
13779717,97371.41000000,0.00210000,1736087973133
13779718,97371.41000000,0.00210000,1736087973134
13779719,97371.41000000,0.00210000,1736087973136
13779720,97370.56000000,0.00210000,1736087975288
13779721,97370.56000000,0.00210000,1736087975290
13779722,97370.56000000,0.00120000,1736087975292
13779723,97369.45000000,0.00020000,1736087979133
13779724,97371.93000000,0.00162000,1736087980829
13779725,97372.24000000,0.00528000,1736087980829
13779726,97348.97000000,0.00210000,1736087982827
13779727,97348.97000000,0.00210000,1736087982829
13779728,97348.97000000,0.00210000,1736087982832
13779729,97348.98000000,0.00120000,1736087982834
13779730,97353.30000000,0.00010000,1736087982930
13779731,97352.39000000,0.00132000,1736087985535
13779732,97352.33000000,0.00078000,1736087985535
13779733,97352.33000000,0.00120000,1736087985537
13779734,97352.99000000,0.00020000,1736087985633
13779735,97358.13000000,0.02242000,1736087985856
13779736,97376.34000000,0.00130000,1736087985861
13779737,97356.86000000,0.00060000,1736087987080
13779738,97349.16000000,0.00210000,1736087989290
13779739,97349.16000000,0.00210000,1736087989292
13779740,97349.16000000,0.00210000,1736087989293
13779741,97349.16000000,0.00210000,1736087989295
13779742,97349.16000000,0.00210000,1736087989296
13779743,97349.16000000,0.00200000,1736087989298
13779744,97349.17000000,0.02639000,1736087989636
13779745,97349.17000000,0.02298000,1736087989638
13779746,97349.17000000,0.00030000,1736087989638
13779747,97373.88000000,0.00251000,1736088000041
13779748,97374.40000000,0.00320000,1736088000043
13779749,97375.58000000,0.00040000,1736088000330
13779750,97373.73000000,0.00210000,1736088001630
13779751,97373.74000000,0.00210000,1736088001631
13779752,97374.28000000,0.00210000,1736088001636
13779753,97373.76000000,0.00210000,1736088001641
13779754,97374.49000000,0.00210000,1736088001930
13779755,97374.49000000,0.00210000,1736088001932
13779756,97374.49000000,0.00210000,1736088001934
13779757,97374.49000000,0.00210000,1736088001936
13779758,97374.49000000,0.00210000,1736088001937
13779759,97374.49000000,0.00210000,1736088001939
13779760,97374.49000000,0.00210000,1736088001940
13779761,97374.49000000,0.00210000,1736088001944
13779762,97374.49000000,0.00002000,1736088001945
13779763,97366.93000000,0.00210000,1736088002906
13779764,97366.93000000,0.00140000,1736088002908
13779765,97365.49000000,0.00210000,1736088003912
13779766,97365.67000000,0.00070000,1736088006732
13779767,97374.15000000,0.00190000,1736088007830
13779768,97367.18000000,0.00210000,1736088009929
13779769,97369.21000000,0.00190000,1736088009931
13779770,97367.18000000,0.00020000,1736088009931
13779771,97372.34000000,0.00240000,1736088011830
13779772,97367.18000000,0.00120000,1736088013305
13779773,97363.40000000,0.00210000,1736088015080
13779774,97364.61000000,0.00586000,1736088015932
13779775,97366.61000000,0.01140000,1736088015935
13779776,97364.33000000,0.00080000,1736088016291
13779777,97367.44000000,0.00010000,1736088016295
13779778,97359.12000000,0.00210000,1736088018637
13779779,97361.50000000,0.00007000,1736088019313
13779780,97353.87000000,0.00120000,1736088019678
13779781,97361.50000000,0.00110000,1736088020823
13779782,97348.77000000,0.00210000,1736088021836
13779783,97348.98000000,0.00210000,1736088022227
13779784,97347.91000000,0.00210000,1736088022238
13779785,97348.98000000,0.00210000,1736088022282
13779786,97347.86000000,0.00210000,1736088022289
13779787,97339.24000000,0.00010000,1736088022307
13779788,97351.01000000,0.00330000,1736088022827
13779789,97352.30000000,0.00250000,1736088023830
13779790,97352.55000000,0.00730000,1736088024906
13779791,97348.98000000,0.00080000,1736088025263
13779792,97351.61000000,0.00010000,1736088025330
13779793,97360.28000000,0.00020000,1736088026430
13779794,97360.64000000,0.00210000,1736088027833
13779795,97360.64000000,0.00210000,1736088027835
13779796,97353.81000000,0.00210000,1736088027840
13779797,97358.68000000,0.00210000,1736088027932
13779798,97353.82000000,0.00040000,1736088027934
13779799,97361.80000000,0.00010000,1736088029831
13779800,97361.41000000,0.00120000,1736088033290
13779801,97361.41000000,0.00080000,1736088033291
13779802,97361.01000000,0.00040000,1736088036499
13779803,97366.13000000,0.00915000,1736088037260
13779804,97368.73000000,0.00035000,1736088037260
13779805,97366.44000000,0.00210000,1736088039830
13779806,97344.26000000,0.00210000,1736088045833
13779807,97344.26000000,0.00210000,1736088045835
13779808,97344.26000000,0.00210000,1736088045836
13779809,97344.27000000,0.00210000,1736088045838
13779810,97348.74000000,0.00210000,1736088046387
13779811,97349.78000000,0.01885000,1736088046390
13779812,97350.18000000,0.00915000,1736088046390
13779813,97344.68000000,0.00210000,1736088046394
13779814,97342.10000000,0.00210000,1736088050626
13779815,97342.10000000,0.00210000,1736088050628
13779816,97342.10000000,0.00210000,1736088050630
13779817,97342.10000000,0.00210000,1736088050631
13779818,97342.10000000,0.00210000,1736088050633
13779819,97342.10000000,0.00210000,1736088050634
13779820,97342.10000000,0.00010000,1736088050635
13779821,97344.50000000,0.00150000,1736088050736
13779822,97342.58000000,0.00010000,1736088051349
13779823,97343.90000000,0.00550000,1736088051834
13779824,97338.17000000,0.00070000,1736088052445
13779825,97343.48000000,0.00010000,1736088052447
13779826,97342.20000000,0.00700000,1736088053827
13779827,97353.81000000,0.00120000,1736088058830
13779828,97353.81000000,0.00005000,1736088058832
13779829,97353.65000000,0.00085000,1736088058832
13779830,97353.65000000,0.00120000,1736088058832
13779831,97353.65000000,0.00010000,1736088058833
13779832,97353.65000000,0.00080000,1736088058833
13779833,97353.66000000,0.00120000,1736088058833
13779834,97353.66000000,0.00080000,1736088058834
13779835,97353.66000000,0.00010000,1736088058834
13779836,97353.66000000,0.00120000,1736088058835
13779837,97353.65000000,0.00210000,1736088058838
13779838,97353.65000000,0.00200000,1736088058839
13779839,97354.16000000,0.00060000,1736088060893
13779840,97354.16000000,0.00003000,1736088060895
13779841,97360.16000000,0.00210000,1736088062291
13779842,97363.82000000,0.00210000,1736088062292
13779843,97363.82000000,0.00210000,1736088062294
13779844,97363.82000000,0.00210000,1736088062295
13779845,97363.82000000,0.00210000,1736088062297
13779846,97363.82000000,0.00210000,1736088062298
13779847,97363.82000000,0.00210000,1736088062300
13779848,97363.82000000,0.00210000,1736088062302
13779849,97363.82000000,0.00210000,1736088062303
13779850,97363.82000000,0.00210000,1736088062305
13779851,97363.82000000,0.00052000,1736088062307
13779852,97357.17000000,0.00020000,1736088062310
13779853,97357.17000000,0.00190000,1736088062313
13779854,97357.17000000,0.00020000,1736088062314
13779855,97357.17000000,0.00020000,1736088062316
13779856,97363.83000000,0.00460000,1736088062827
13779857,97363.89000000,0.00028000,1736088065013
13779858,97357.40000000,0.00030000,1736088070943
13779859,97357.40000000,0.00001000,1736088070944
13779860,97357.68000000,0.01190000,1736088075927
13779861,97355.54000000,0.00070000,1736088075952
13779862,97359.42000000,0.00010000,1736088075953
13779863,97355.54000000,0.00210000,1736088077291
13779864,97355.13000000,0.00210000,1736088077829
13779865,97355.54000000,0.00210000,1736088077830
13779866,97355.54000000,0.00210000,1736088077834
13779867,97353.86000000,0.00110000,1736088077837
13779868,97359.37000000,0.00007000,1736088079319
13779869,97358.88000000,0.00990000,1736088080830
13779870,97355.55000000,0.00210000,1736088082539
13779871,97355.55000000,0.00210000,1736088082542
13779872,97355.55000000,0.00210000,1736088082544
13779873,97355.55000000,0.00210000,1736088082546
13779874,97355.55000000,0.00070000,1736088082552
13779875,97361.92000000,0.00170000,1736088088109
13779876,97367.66000000,0.00855000,1736088089828
13779877,97372.30000000,0.00010000,1736088089829
13779878,97365.28000000,0.00010000,1736088090290
13779879,97369.14000000,0.00010000,1736088090293
13779880,97373.82000000,0.00210000,1736088096237
13779881,97373.82000000,0.00210000,1736088096239
13779882,97373.82000000,0.00210000,1736088096242
13779883,97373.82000000,0.00210000,1736088096249
13779884,97373.82000000,0.00210000,1736088096250
13779885,97373.82000000,0.00210000,1736088096252
13779886,97373.82000000,0.00150000,1736088096253
13779887,97374.98000000,0.00210000,1736088097289
13779888,97382.05000000,0.00402000,1736088119343
13779889,97382.05000000,0.00402000,1736088119343
13779890,97382.05000000,0.00402000,1736088119343
13779891,97382.05000000,0.00053000,1736088119343
13779892,97382.05000000,0.00349000,1736088119343
13779893,97382.05000000,0.00402000,1736088119343
13779894,97382.05000000,0.00402000,1736088119343
13779895,97382.05000000,0.00402000,1736088119343
13779896,97382.05000000,0.00402000,1736088119343
13779897,97382.05000000,0.00402000,1736088119343
13779898,97382.05000000,0.00396000,1736088119343
13779899,97380.48000000,0.00500000,1736088121689
13779900,97380.48000000,0.00500000,1736088121693
13779901,97415.44000000,0.00458000,1736088127811
13779902,97405.53000000,0.00042000,1736088127811
13779903,97409.49000000,0.01165000,1736088128427
13779904,97415.27000000,0.02130000,1736088128429
13779905,97389.06000000,0.00210000,1736088130532
13779906,97376.66000000,0.00210000,1736088131913
13779907,97376.66000000,0.00160000,1736088131914
13779908,97385.68000000,0.00010000,1736088131930
13779909,97388.55000000,0.00210000,1736088132831
13779910,97388.55000000,0.00210000,1736088132832
13779911,97388.55000000,0.00210000,1736088132834
13779912,97377.19000000,0.00020000,1736088133302
13779913,97376.31000000,0.00020000,1736088133930
13779914,97376.31000000,0.00900000,1736088134732
13779915,97376.45000000,0.00100000,1736088135552
13779916,97377.09000000,0.00210000,1736088135935
13779917,97377.09000000,0.00210000,1736088135936
13779918,97377.09000000,0.00120000,1736088135938
13779919,97377.09000000,0.00210000,1736088136831
13779920,97377.09000000,0.00210000,1736088136839
13779921,97377.09000000,0.00210000,1736088136843
13779922,97377.09000000,0.00100000,1736088136847
13779923,97377.09000000,0.00012000,1736088137828
13779924,97377.26000000,0.00210000,1736088141745
13779925,97383.40000000,0.00530000,1736088144409
13779926,97393.14000000,0.00060000,1736088144604
13779927,97377.28000000,0.00210000,1736088146028
13779928,97377.28000000,0.00020000,1736088146029
13779929,97371.42000000,0.00251000,1736088147139
13779930,97382.67000000,0.00430000,1736088147141
13779931,97372.74000000,0.00050000,1736088147236
13779932,97377.44000000,0.00010000,1736088147339
13779933,97372.74000000,0.00010000,1736088147345
13779934,97372.40000000,0.00210000,1736088148042
13779935,97372.41000000,0.00210000,1736088148043
13779936,97368.27000000,0.00190000,1736088148047
13779937,97368.26000000,0.00020000,1736088148047
13779938,97368.26000000,0.00190000,1736088148050
13779939,97371.77000000,0.00020000,1736088148130
13779940,97376.61000000,0.00820000,1736088148827
13779941,97372.03000000,0.00090000,1736088148842
13779942,97379.67000000,0.00010000,1736088149632
13779943,97376.89000000,0.00210000,1736088150634
13779944,97376.89000000,0.00210000,1736088150635
13779945,97376.89000000,0.00210000,1736088150637
13779946,97376.89000000,0.00070000,1736088150639
13779947,97379.68000000,0.00010000,1736088150831
13779948,97372.03000000,0.00052000,1736088150837
13779949,97374.51000000,0.00130000,1736088150854
13779950,97374.51000000,0.00075000,1736088150857
13779951,97378.30000000,0.00430000,1736088151827
13779952,97388.40000000,0.00050000,1736088152723
13779953,97388.40000000,0.00010000,1736088152736
13779954,97388.41000000,0.00210000,1736088153930
13779955,97385.99000000,0.00030000,1736088153936
13779956,97390.90000000,0.00030000,1736088153938
13779957,97390.90000000,0.00150000,1736088153938
13779958,97385.98000000,0.00030000,1736088153938
13779959,97385.98000000,0.00009000,1736088153941
13779960,97389.36000000,0.00030000,1736088154040
13779961,97389.36000000,0.00006000,1736088154098
13779962,97382.50000000,0.00210000,1736088159020
13779963,97382.50000000,0.00210000,1736088159022
13779964,97388.30000000,0.00210000,1736088159023
13779965,97382.50000000,0.00080000,1736088159028
13779966,97408.46000000,0.00260000,1736088161358
13779967,97401.42000000,0.00210000,1736088162138
13779968,97401.42000000,0.00210000,1736088162140
13779969,97401.42000000,0.00060000,1736088162141
13779970,97400.02000000,0.00070000,1736088162744
13779971,97414.04000000,0.00980000,1736088165030
13779972,97421.76000000,0.00210000,1736088165912
13779973,97421.76000000,0.00210000,1736088165914
13779974,97421.76000000,0.00210000,1736088165916
13779975,97422.64000000,0.00210000,1736088166030
13779976,97422.64000000,0.00210000,1736088166033
13779977,97422.64000000,0.00210000,1736088166034
13779978,97446.21000000,0.00320000,1736088168984
13779979,97446.20000000,0.00180000,1736088168984
13779980,97427.51000000,0.00500000,1736088170241
13779981,97427.51000000,0.00500000,1736088170242
13779982,97449.65000000,0.01580000,1736088174848
13779983,97437.82000000,0.00992000,1736088177361
13779984,97437.82000000,0.00200000,1736088177361
13779985,97437.83000000,0.00251000,1736088177367
13779986,97456.99000000,0.00021000,1736088185716
13779987,97466.23000000,0.00500000,1736088248127
13779988,97466.23000000,0.00010000,1736088317217
13779989,97466.23000000,0.00001000,1736088317217
13779990,97487.84000000,0.00006000,1736088319031
13779991,97510.52000000,0.00500000,1736088319285
13779992,97507.94000000,0.00500000,1736088320381
13779993,97535.87000000,0.00500000,1736088327519
13779994,97535.87000000,0.00500000,1736088327520
13779995,97536.24000000,0.01026000,1736088330732
13779996,97555.12000000,0.00500000,1736088367061
13779997,97560.97000000,0.00006000,1736088396291
13779998,97565.14000000,0.00380000,1736088396877
13779999,97565.14000000,0.00004000,1736088396877
13780000,97565.14000000,0.00376000,1736088396877
13780001,97565.13000000,0.00500000,1736088398588
13780002,97565.14000000,0.00008000,1736088399880
13780003,97565.14000000,0.00002000,1736088399880
13780004,97565.14000000,0.00010000,1736088399880
13780005,97565.14000000,0.00010000,1736088399880
13780006,97565.14000000,0.00010000,1736088399880
13780007,97565.14000000,0.00352000,1736088399881
13780008,97565.14000000,0.00018000,1736088399881
13780009,97565.14000000,0.00366000,1736088399881
13780010,97565.14000000,0.00004000,1736088399881
13780011,97565.14000000,0.00370000,1736088399881
13780012,97565.14000000,0.00010000,1736088399882
13780013,97565.14000000,0.00360000,1736088399882
13780014,97565.14000000,0.00010000,1736088399883
13780015,97565.14000000,0.00010000,1736088399883
13780016,97565.14000000,0.00004000,1736088399883
13780017,97565.14000000,0.00006000,1736088399883
13780018,97565.14000000,0.00020000,1736088399883
13780019,97565.14000000,0.00010000,1736088399883
13780020,97565.14000000,0.00020000,1736088399883
13780021,97565.14000000,0.00020000,1736088399883
13780022,97565.14000000,0.00010000,1736088399883
13780023,97565.14000000,0.00020000,1736088399883
13780024,97565.14000000,0.00010000,1736088399883
13780025,97565.14000000,0.00010000,1736088399883
13780026,97565.14000000,0.00010000,1736088399883
13780027,97565.14000000,0.00248000,1736088399884
13780028,97565.14000000,0.00112000,1736088399884
13780029,97565.14000000,0.00272000,1736088399884
13780030,97565.14000000,0.00088000,1736088399884
13780031,97565.14000000,0.00296000,1736088399885
13780032,97565.14000000,0.00064000,1736088399885
13780033,97565.14000000,0.00317000,1736088399885
13780034,97591.67000000,0.00136000,1736088399965
13780035,97591.67000000,0.00364000,1736088399965
13780036,97591.67000000,0.00500000,1736088399966
13780037,97591.67000000,0.00500000,1736088401346
13780038,97591.68000000,0.00007000,1736088403192
13780039,97609.28000000,0.00280000,1736088405111
13780040,97609.28000000,0.00100000,1736088405159
13780041,97609.27000000,0.00500000,1736088405162
13780042,97589.08000000,0.03870000,1736088418932
13780043,97607.33000000,0.00011000,1736088439534
13780044,97607.33000000,0.00012000,1736088439534
13780045,97617.87000000,0.00068000,1736088534120
13780046,97617.68000000,0.00432000,1736088534120
13780047,97617.68000000,0.00500000,1736088534120
13780048,97667.09000000,0.00500000,1736088553516
13780049,97667.09000000,0.00500000,1736088553516
13780050,97677.77000000,0.00500000,1736088558534
13780051,97660.63000000,0.00130000,1736088572818
13780052,97653.32000000,0.00035000,1736088661561
13780053,97653.17000000,0.03835000,1736088661561
13780054,97643.04000000,0.00102000,1736088661571
13780055,97631.67000000,0.00334000,1736088702629
13780056,97625.09000000,0.00102000,1736088870231
13780057,97609.35000000,0.00012000,1736088890555
13780058,97625.43000000,0.00029000,1736088890555
13780059,97620.33000000,0.00027000,1736088902035
13780060,97641.62000000,0.00102000,1736088919474
13780061,97641.62000000,0.00280000,1736088919571
13780062,97641.62000000,0.00003000,1736088922573
13780063,97641.62000000,0.00007000,1736088922573
13780064,97641.62000000,0.00010000,1736088922573
13780065,97641.62000000,0.00360000,1736088922575
13780066,97641.62000000,0.00008000,1736088922575
13780067,97641.62000000,0.00352000,1736088922575
13780068,97641.62000000,0.00020000,1736088922577
13780069,97641.62000000,0.00013000,1736088922577
13780070,97641.62000000,0.00007000,1736088922577
13780071,97641.62000000,0.00020000,1736088922577
13780072,97641.62000000,0.00020000,1736088922577
13780073,97641.62000000,0.00338000,1736088922579
13780074,97641.62000000,0.00022000,1736088922579
13780075,97641.62000000,0.00360000,1736088922579
13780076,97641.62000000,0.00003000,1736088922579
13780077,97641.62000000,0.00357000,1736088922579
13780078,97641.62000000,0.00028000,1736088922580
13780079,97641.62000000,0.00332000,1736088922580
13780080,97641.62000000,0.00010000,1736088922581
13780081,97641.62000000,0.00010000,1736088922581
13780082,97641.62000000,0.00030000,1736088922581
13780083,97641.62000000,0.00003000,1736088922581
13780084,97641.62000000,0.00027000,1736088922581
13780085,97641.62000000,0.00010000,1736088922581
13780086,97641.62000000,0.00028000,1736088922582
13780087,97641.62000000,0.00010000,1736088922582
13780088,97641.62000000,0.00030000,1736088922582
13780089,97641.62000000,0.00030000,1736088922582
13780090,97641.62000000,0.00030000,1736088922582
13780091,97641.62000000,0.00030000,1736088922583
13780092,97641.62000000,0.00025000,1736088922583
13780093,97641.62000000,0.00165000,1736088922583
13780094,97641.62000000,0.00175000,1736088922583
13780095,97641.62000000,0.00210000,1736088922583
13780096,97641.62000000,0.00130000,1736088922583
13780097,97641.62000000,0.00248000,1736088922583
13780098,97673.09000000,0.00385000,1736088947716
13780099,97673.09000000,0.00380000,1736088947718
13780100,97673.09000000,0.00005000,1736088947720
13780101,97673.09000000,0.00095000,1736088947720
13780102,97673.09000000,0.00100000,1736088947734
13780103,97673.09000000,0.00190000,1736088947735
13780104,97673.09000000,0.00090000,1736088947735
13780105,97673.09000000,0.00280000,1736088947735
13780106,97673.09000000,0.00015000,1736088947735
13780107,97673.09000000,0.00265000,1736088947735
13780108,97673.09000000,0.00120000,1736088947735
13780109,97673.09000000,0.00160000,1736088947735
13780110,97673.09000000,0.00100000,1736088947751
13780111,97673.09000000,0.00110000,1736088947752
13780112,97673.09000000,0.00015000,1736088947752
13780113,97673.09000000,0.00085000,1736088947752
13780114,97673.09000000,0.00110000,1736088947752
13780115,97673.09000000,0.00100000,1736088947752
13780116,97673.09000000,0.00090000,1736088947752
13780117,97673.09000000,0.00010000,1736088947752
13780118,97673.09000000,0.00110000,1736088947752
13780119,97673.09000000,0.00100000,1736088947752
13780120,97673.09000000,0.00110000,1736088947752
13780121,97673.09000000,0.00055000,1736088947753
13780122,97673.09000000,0.00045000,1736088947753
13780123,97673.09000000,0.00100000,1736088947753
13780124,97673.09000000,0.00100000,1736088947753
13780125,97673.09000000,0.00100000,1736088947753
13780126,97673.09000000,0.00040000,1736088947755
13780127,97673.09000000,0.00250000,1736088947755
13780128,97673.09000000,0.00100000,1736088947766
13780129,97673.09000000,0.00029000,1736088947767
13780130,97678.68000000,0.00100000,1736088947779
13780131,97678.68000000,0.00002000,1736088950741
13780132,97702.53000000,0.00345000,1736088953198
13780133,97702.53000000,0.00155000,1736088953198
13780134,97702.54000000,0.00380000,1736088954120
13780135,97702.53000000,0.00500000,1736088954404
13780136,97702.54000000,0.00005000,1736088957122
13780137,97702.54000000,0.00005000,1736088957122
13780138,97702.54000000,0.00010000,1736088957122
13780139,97702.54000000,0.00010000,1736088957122
13780140,97702.54000000,0.00010000,1736088957123
13780141,97702.54000000,0.00350000,1736088957123
13780142,97702.54000000,0.00020000,1736088957123
13780143,97702.54000000,0.00365000,1736088957123
13780144,97702.54000000,0.00005000,1736088957123
13780145,97702.54000000,0.00370000,1736088957123
13780146,97702.54000000,0.00010000,1736088957124
13780147,97702.54000000,0.00360000,1736088957124
13780148,97702.54000000,0.00010000,1736088957125
13780149,97702.54000000,0.00010000,1736088957125
13780150,97702.54000000,0.00005000,1736088957125
13780151,97702.54000000,0.00005000,1736088957125
13780152,97702.54000000,0.00010000,1736088957125
13780153,97702.54000000,0.00020000,1736088957125
13780154,97702.54000000,0.00010000,1736088957125
13780155,97702.54000000,0.00020000,1736088957125
13780156,97702.54000000,0.00010000,1736088957125
13780157,97702.54000000,0.00010000,1736088957125
13780158,97702.54000000,0.00020000,1736088957126
13780159,97702.54000000,0.00020000,1736088957126
13780160,97702.54000000,0.00010000,1736088957126
13780161,97702.54000000,0.00025000,1736088957126
13780162,97702.54000000,0.00225000,1736088957127
13780163,97702.54000000,0.00145000,1736088957127
13780164,97702.54000000,0.00240000,1736088957127
13780165,97702.54000000,0.00130000,1736088957127
13780166,97702.54000000,0.00255000,1736088957127
13780167,97702.54000000,0.00115000,1736088957127
13780168,97702.54000000,0.00270000,1736088957128
13780169,97702.54000000,0.00100000,1736088957128
13780170,97702.54000000,0.00225000,1736088957128
13780171,97702.54000000,0.00020000,1736088957128
13780172,97702.54000000,0.00010000,1736088957129
13780173,97702.54000000,0.00020000,1736088957129
13780174,97702.54000000,0.00003000,1736088957129
13780175,97740.40000000,0.03870000,1736088957580
13780176,97740.40000000,0.03870000,1736088957580
13780177,97740.40000000,0.00385000,1736088959060
13780178,97740.40000000,0.00052000,1736088959060
13780179,97733.97000000,0.00033000,1736088959188
13780180,97733.76000000,0.00467000,1736088959188
13780181,97733.76000000,0.00500000,1736088959641
13780182,97707.65000000,0.00954000,1736088973113
13780183,97707.66000000,0.00101000,1736088973113
13780184,97678.68000000,0.00102000,1736089037838
13780185,97668.47000000,0.00954000,1736089063522
13780186,97650.84000000,0.00954000,1736089080634
13780187,97651.00000000,0.00007000,1736089106818
13780188,97652.31000000,0.00010000,1736089121696
13780189,97652.31000000,0.00004000,1736089124698
13780190,97649.42000000,0.00010000,1736089127342
13780191,97655.90000000,0.00008000,1736089143417
13780192,97654.54000000,0.00249000,1736089155936
13780193,97650.88000000,0.03096000,1736089200362
13780194,97654.54000000,0.00102000,1736089204786
13780195,97668.47000000,0.00009000,1736089274916
13780196,97668.47000000,0.00006000,1736089281018
13780197,97668.46000000,0.00010000,1736089291430
13780198,97668.46000000,0.00006000,1736089292845
13780199,97662.41000000,0.00092000,1736089294949
13780200,97642.01000000,0.02639000,1736089327581
13780201,97622.47000000,0.00019000,1736089334618
13780202,97668.47000000,0.00024000,1736089365354
13780203,97692.01000000,0.00017000,1736089398414
