Trade ID,Price,Quantity,Time
85425128,8681.00000000,0.00552000,1736086579044
85425129,8681.00000000,0.00079000,1736086593864
85425130,8680.00000000,0.00300000,1736086597832
85425131,8680.00000000,0.00117000,1736086597853
85425132,8681.00000000,0.00842000,1736086603053
85425133,8681.00000000,0.02000000,1736086603053
85425134,8681.00000000,0.06685000,1736086606691
85425135,8681.00000000,0.03024000,1736086606691
85425136,8681.00000000,0.01500000,1736086606691
85425137,8680.00000000,0.19583000,1736086606691
85425138,8680.00000000,0.06836000,1736086606691
85425139,8680.00000000,0.00087000,1736086606691
85425140,8680.00000000,0.08642000,1736086606691
85425141,8679.00000000,0.02000000,1736086606700
85425142,8679.00000000,0.02000000,1736086606706
85425143,8680.00000000,0.00068000,1736086607708
85425144,8679.00000000,0.05366000,1736086610216
85425145,8679.00000000,0.02712000,1736086610217
85425146,8679.00000000,0.01995000,1736086610218
85425147,8679.00000000,0.02119000,1736086610220
85425148,8679.00000000,0.03808000,1736086610224
85425149,8678.00000000,0.02000000,1736086610232
85425150,8678.00000000,0.01573000,1736086610286
85425151,8678.00000000,0.03189000,1736086610307
85425152,8678.00000000,0.00240000,1736086610331
85425153,8678.00000000,0.12186000,1736086610574
85425154,8678.00000000,0.00810000,1736086610594
85425155,8678.00000000,0.00002000,1736086614032
85425156,8677.00000000,0.08125000,1736086614032
85425157,8677.00000000,0.11875000,1736086614061
85425158,8676.00000000,0.00160000,1736086614171
85425159,8676.00000000,0.00187000,1736086614171
85425160,8676.00000000,0.01580000,1736086614172
85425161,8676.00000000,0.04448000,1736086614193
85425162,8676.00000000,0.01303000,1736086614197
85425163,8676.00000000,0.03240000,1736086614198
85425164,8676.00000000,0.02496000,1736086614199
85425165,8676.00000000,0.01141000,1736086614199
85425166,8676.00000000,0.03515000,1736086614202
85425167,8676.00000000,0.02090000,1736086614211
85425168,8676.00000000,0.00129000,1736086614211
85425169,8675.00000000,0.07732000,1736086614264
85425170,8675.00000000,0.12268000,1736086614276
85425171,8674.00000000,0.00461000,1736086614281
85425172,8674.00000000,0.00461000,1736086614281
85425173,8674.00000000,0.00478000,1736086614281
85425174,8674.00000000,0.00600000,1736086614332
85425175,8674.00000000,0.00305000,1736086614352
85425176,8674.00000000,0.03455000,1736086614352
85425177,8674.00000000,0.00290000,1736086614352
85425178,8674.00000000,0.00060000,1736086614354
85425179,8674.00000000,0.00140000,1736086614354
85425180,8674.00000000,0.00100000,1736086614355
85425181,8674.00000000,0.01300000,1736086614356
85425182,8674.00000000,0.04530000,1736086614375
85425183,8674.00000000,0.00060000,1736086614390
85425184,8674.00000000,0.00065000,1736086614396
85425185,8673.00000000,0.13110000,1736086614430
85425186,8673.00000000,0.02130000,1736086614434
85425187,8673.00000000,0.04760000,1736086614437
85425188,8672.00000000,0.01300000,1736086614567
85425189,8672.00000000,0.00700000,1736086614569
85425190,8672.00000000,0.02990000,1736086614749
85425191,8672.00000000,0.07044000,1736086614761
85425192,8672.00000000,0.07514000,1736086615005
85425193,8672.00000000,0.00452000,1736086615009
85425194,8671.00000000,0.00317000,1736086615609
85425195,8670.00000000,0.00173000,1736086615638
85425196,8670.00000000,0.00074000,1736086615638
85425197,8670.00000000,0.01773000,1736086615638
85425198,8670.00000000,0.14809000,1736086616498
85425199,8670.00000000,0.03418000,1736086616501
85425200,8666.00000000,0.00647000,1736086616511
85425201,8666.00000000,0.04767000,1736086616511
85425202,8666.00000000,0.00087000,1736086616511
85425203,8665.00000000,0.00087000,1736086616511
85425204,8664.00000000,0.02700000,1736086616511
85425205,8664.00000000,0.00087000,1736086616511
85425206,8664.00000000,0.00087000,1736086616511
85425207,8664.00000000,0.00201000,1736086616511
85425208,8664.00000000,0.00837000,1736086616511
85425209,8664.00000000,0.02000000,1736086616511
85425210,8664.00000000,0.03234000,1736086616511
85425211,8663.00000000,0.06266000,1736086616511
85425212,8663.00000000,0.00199000,1736086617391
85425213,8665.00000000,0.00210000,1736086619811
85425214,8665.00000000,0.00004000,1736086619812
85425215,8668.00000000,0.02700000,1736086620642
85425216,8668.00000000,0.02412000,1736086620642
85425217,8668.00000000,0.00288000,1736086620643
85425218,8667.00000000,0.02281000,1736086620643
85425219,8666.00000000,0.02700000,1736086620651
85425220,8665.00000000,0.02700000,1736086620651
85425221,8667.00000000,0.00115000,1736086623026
85425222,8667.00000000,0.00083000,1736086623029
85425223,8667.00000000,0.00115000,1736086623030
85425224,8667.00000000,0.00333000,1736086626536
85425225,8666.00000000,0.00116000,1736086642338
85425226,8663.00000000,0.10986000,1736086645729
85425227,8662.00000000,0.04277000,1736086649472
85425228,8662.00000000,0.00083000,1736086649854
85425229,8662.00000000,0.05577000,1736086650189
85425230,8662.00000000,0.04552000,1736086650189
85425231,8662.00000000,0.05511000,1736086650190
85425232,8660.00000000,0.01379000,1736086651044
85425233,8659.00000000,0.00621000,1736086651044
85425234,8659.00000000,0.09400000,1736086651044
85425235,8659.00000000,0.09979000,1736086651044
85425236,8658.00000000,0.02421000,1736086651044
85425237,8658.00000000,0.07579000,1736086651044
85425238,8657.00000000,0.01821000,1736086651044
85425239,8657.00000000,0.00879000,1736086651044
85425240,8656.00000000,0.02700000,1736086651044
85425241,8655.00000000,0.02700000,1736086651044
85425242,8655.00000000,0.00087000,1736086651044
85425243,8655.00000000,0.03034000,1736086651044
85425244,8655.00000000,0.09500000,1736086651044
85425245,8655.00000000,0.07466000,1736086651044
85425246,8655.00000000,0.04734000,1736086651044
85425247,8655.00000000,0.03933000,1736086651044
85425248,8654.00000000,0.00087000,1736086651044
85425249,8654.00000000,0.02700000,1736086651044
85425250,8654.00000000,0.04684000,1736086651044
85425251,8653.00000000,0.00996000,1736086651044
85425252,8654.00000000,0.02020000,1736086651063
85425253,8654.00000000,0.02020000,1736086651064
85425254,8651.00000000,0.00577000,1736086651115
85425255,8649.00000000,0.00100000,1736086651227
85425256,8650.00000000,0.14202000,1736086651233
85425257,8654.00000000,0.00025000,1736086652023
85425258,8656.00000000,0.04913000,1736086652023
85425259,8656.00000000,0.05020000,1736086652025
85425260,8657.00000000,0.00083000,1736086658837
85425261,8657.00000000,0.00115000,1736086658840
85425262,8657.00000000,0.00083000,1736086658842
85425263,8657.00000000,0.00083000,1736086658843
85425264,8657.00000000,0.00083000,1736086658843
85425265,8657.00000000,0.00115000,1736086658943
85425266,8657.00000000,0.00083000,1736086658946
85425267,8657.00000000,0.00115000,1736086659045
85425268,8649.00000000,0.00009000,1736086662487
85425269,8648.00000000,0.01991000,1736086662487
85425270,8648.00000000,0.10000000,1736086662625
85425271,8647.00000000,0.10000000,1736086662625
85425272,8646.00000000,0.01773000,1736086662625
85425273,8648.00000000,0.00760000,1736086664022
85425274,8647.00000000,0.01940000,1736086664022
85425275,8647.00000000,0.00760000,1736086664022
85425276,8646.00000000,0.02000000,1736086664023
85425277,8646.00000000,0.00700000,1736086664023
85425278,8645.00000000,0.02700000,1736086664023
85425279,8645.00000000,0.02700000,1736086664023
85425280,8644.00000000,0.02700000,1736086664023
85425281,8644.00000000,0.08677000,1736086664023
85425282,8643.00000000,0.07403000,1736086674039
85425283,8643.00000000,0.02597000,1736086674306
85425284,8642.00000000,0.06461000,1736086674307
85425285,8642.00000000,0.02560000,1736086676022
85425286,8642.00000000,0.00978000,1736086676026
85425287,8643.00000000,0.01500000,1736086680588
85425288,8643.00000000,0.00200000,1736086680588
85425289,8643.00000000,0.00300000,1736086680588
85425290,8643.00000000,0.00200000,1736086680588
85425291,8643.00000000,0.00200000,1736086680588
85425292,8643.00000000,0.00200000,1736086680588
85425293,8644.00000000,0.08679000,1736086680631
85425294,8644.00000000,0.04000000,1736086680631
85425295,8644.00000000,0.01500000,1736086680631
85425296,8648.00000000,0.00098000,1736086682655
85425297,8647.00000000,0.01500000,1736086682655
85425298,8647.00000000,0.00402000,1736086682655
85425299,8648.00000000,0.00138000,1736086682850
85425300,8648.00000000,0.00062000,1736086682852
85425301,8649.00000000,0.00111000,1736086682852
85425302,8648.00000000,0.00138000,1736086683054
85425303,8647.00000000,0.00200000,1736086685403
85425304,8650.00000000,0.00100000,1736086685424
85425305,8650.00000000,0.08572000,1736086685454
85425306,8650.00000000,0.01500000,1736086685454
85425307,8651.00000000,0.00087000,1736086685464
85425308,8651.00000000,0.00087000,1736086685464
85425309,8651.00000000,0.03205000,1736086685464
85425310,8651.00000000,0.05234000,1736086685464
85425311,8651.00000000,0.05030000,1736086685464
85425312,8651.00000000,0.02340000,1736086685464
85425313,8651.00000000,0.05926000,1736086685464
85425314,8651.00000000,0.00300000,1736086685555
85425315,8652.00000000,0.00917000,1736086685928
85425316,8652.00000000,0.04050000,1736086690244
85425317,8652.00000000,0.16200000,1736086690255
85425318,8652.00000000,0.03141000,1736086690256
85425319,8652.00000000,0.02497000,1736086690257
85425320,8652.00000000,0.04257000,1736086690265
85425321,8652.00000000,0.03694000,1736086690266
85425322,8652.00000000,0.12855000,1736086690293
85425323,8652.00000000,0.12150000,1736086690295
85425324,8652.00000000,0.04100000,1736086690299
85425325,8652.00000000,0.20000000,1736086690334
85425326,8652.00000000,0.08100000,1736086690336
85425327,8652.00000000,0.03419000,1736086690338
85425328,8652.00000000,0.00165000,1736086690856
85425329,8653.00000000,0.00173000,1736086692863
85425330,8652.00000000,0.00130000,1736086697443
85425331,8652.00000000,0.00002000,1736086710642
85425332,8649.00000000,0.00087000,1736086710642
85425333,8649.00000000,0.01500000,1736086710642
85425334,8644.00000000,0.00900000,1736086711802
85425335,8644.00000000,0.09100000,1736086712339
85425336,8642.00000000,0.00001000,1736086714237
85425337,8642.00000000,0.00082000,1736086714237
85425338,8644.00000000,0.02700000,1736086715208
85425339,8644.00000000,0.01500000,1736086715208
85425340,8644.00000000,0.02700000,1736086715208
85425341,8643.00000000,0.04213000,1736086715208
85425342,8643.00000000,0.05540000,1736086716809
85425343,8642.00000000,0.09190000,1736086717120
85425344,8642.00000000,0.08002000,1736086717120
85425345,8642.00000000,0.01187000,1736086717120
85425346,8641.00000000,0.00132000,1736086717120
85425347,8640.00000000,0.00076000,1736086717120
85425348,8640.00000000,0.00605000,1736086717120
85425349,8640.00000000,0.03342000,1736086727039
85425350,8640.00000000,0.08625000,1736086727042
85425351,8640.00000000,0.01500000,1736086729029
85425352,8640.00000000,0.00500000,1736086729029
85425353,8640.00000000,0.02200000,1736086729029
85425354,8640.00000000,0.00150000,1736086729029
85425355,8640.00000000,0.02550000,1736086729029
85425356,8639.00000000,0.02700000,1736086729029
85425357,8638.00000000,0.00900000,1736086729059
85425358,8639.00000000,0.02128000,1736086729263
85425359,8640.00000000,0.01500000,1736086729263
85425360,8641.00000000,0.01812000,1736086729264
85425361,8641.00000000,0.01500000,1736086729265
85425362,8642.00000000,0.01500000,1736086729269
85425363,8659.00000000,0.00600000,1736086749294
85425364,8660.00000000,0.00316000,1736086749667
85425365,8661.00000000,0.00317000,1736086749756
85425366,8657.00000000,0.00151000,1736086751008
85425367,8657.00000000,0.01500000,1736086751008
85425368,8657.00000000,0.02398000,1736086751011
85425369,8656.00000000,0.00087000,1736086751011
85425370,8656.00000000,0.00087000,1736086751011
85425371,8656.00000000,0.04100000,1736086751011
85425372,8656.00000000,0.00747000,1736086751020
85425373,8656.00000000,0.00753000,1736086751024
85425374,8655.00000000,0.00087000,1736086751024
85425375,8655.00000000,0.00346000,1736086756266
85425376,8654.00000000,0.02128000,1736086761326
85425377,8653.00000000,0.03437000,1736086761326
85425378,8653.00000000,0.00087000,1736086761326
85425379,8653.00000000,0.00061000,1736086761326
85425380,8652.00000000,0.00184000,1736086762205
85425381,8647.00000000,0.01578000,1736086767676
85425382,8647.00000000,0.00422000,1736086767678
85425383,8650.00000000,0.00844000,1736086768885
85425384,8651.00000000,0.01045000,1736086769104
85425385,8650.00000000,0.00083000,1736086772279
85425386,8650.00000000,0.00972000,1736086774179
85425387,8648.00000000,0.00972000,1736086777726
85425388,8645.00000000,0.01500000,1736086798061
85425389,8644.00000000,0.02494000,1736086798072
85425390,8644.00000000,0.00087000,1736086798072
85425391,8644.00000000,0.00087000,1736086798072
85425392,8644.00000000,0.03900000,1736086798072
85425393,8644.00000000,0.01500000,1736086798093
85425394,8645.00000000,0.00600000,1736086806633
85425395,8645.00000000,0.01000000,1736086806716
85425396,8646.00000000,0.00226000,1736086810428
85425397,8652.00000000,0.02000000,1736086813617
85425398,8653.00000000,0.02957000,1736086813620
85425399,8656.00000000,0.00600000,1736086813626
85425400,8656.00000000,0.00400000,1736086813628
85425401,8653.00000000,0.00089000,1736086819731
85425402,8652.00000000,0.00174000,1736086820444
85425403,8649.00000000,0.00083000,1736086829589
85425404,8656.00000000,0.04550000,1736086848452
85425405,8656.00000000,0.04117000,1736086848454
85425406,8656.00000000,0.00100000,1736086850319
85425407,8648.00000000,0.01500000,1736086864182
85425408,8649.00000000,0.02700000,1736086864182
85425409,8650.00000000,0.00087000,1736086864182
85425410,8651.00000000,0.02700000,1736086864182
85425411,8651.00000000,0.00087000,1736086864182
85425412,8652.00000000,0.02700000,1736086864182
85425413,8652.00000000,0.00087000,1736086864182
85425414,8653.00000000,0.00087000,1736086864182
85425415,8653.00000000,0.02494000,1736086864182
85425416,8653.00000000,0.01456000,1736086864182
85425417,8653.00000000,0.01020000,1736086864182
85425418,8654.00000000,0.02700000,1736086864182
85425419,8654.00000000,0.00087000,1736086864182
85425420,8654.00000000,0.02295000,1736086864182
85425421,8650.00000000,0.20000000,1736086868006
85425422,8648.00000000,0.01500000,1736086868016
85425423,8654.00000000,0.00083000,1736086893169
85425424,8649.00000000,0.00083000,1736086950783
85425425,8640.00000000,0.00078000,1736086970518
85425426,8643.00000000,0.01500000,1736086975412
85425427,8643.00000000,0.02700000,1736086975412
85425428,8643.00000000,0.03230000,1736086975412
85425429,8644.00000000,0.02570000,1736086975412
85425430,8641.00000000,0.02700000,1736086982501
85425431,8641.00000000,0.01500000,1736086982501
85425432,8642.00000000,0.02700000,1736086982501
85425433,8642.00000000,0.02700000,1736086982501
85425434,8642.00000000,0.00400000,1736086982501
85425435,8640.00000000,0.00963000,1736086983658
85425436,8653.00000000,0.01500000,1736087005501
85425437,8653.00000000,0.00814000,1736087005501
85425438,8655.00000000,0.00083000,1736087011601
85425439,8657.00000000,0.02000000,1736087025822
85425440,8662.00000000,0.08660000,1736087029208
85425441,8663.00000000,0.00087000,1736087029208
85425442,8663.00000000,0.06915000,1736087029210
85425443,8663.00000000,0.34338000,1736087030640
85425444,8655.00000000,0.00154000,1736087056932
85425445,8655.00000000,0.00116000,1736087066142
85425446,8657.00000000,0.01500000,1736087070464
85425447,8657.00000000,0.02700000,1736087070464
85425448,8656.00000000,0.01382000,1736087070464
85425449,8659.00000000,0.00079000,1736087071246
85425450,8660.00000000,0.00953000,1736087072007
85425451,8655.00000000,0.00300000,1736087074814
85425452,8659.00000000,0.01500000,1736087080200
85425453,8659.00000000,0.02000000,1736087080200
85425454,8660.00000000,0.02700000,1736087080200
85425455,8660.00000000,0.02753000,1736087080200
85425456,8660.00000000,0.00087000,1736087080200
85425457,8660.00000000,0.05845000,1736087080203
85425458,8661.00000000,0.08662000,1736087083504
85425459,8661.00000000,0.11338000,1736087088433
85425460,8660.00000000,0.00480000,1736087090044
85425461,8660.00000000,0.04635000,1736087090044
85425462,8659.00000000,0.00948000,1736087090045
85425463,8659.00000000,0.01175000,1736087090046
85425464,8659.00000000,0.01986000,1736087090049
85425465,8659.00000000,0.02000000,1736087090051
85425466,8659.00000000,0.13891000,1736087090052
85425467,8654.00000000,0.00705000,1736087092719
85425468,8654.00000000,0.02700000,1736087092719
85425469,8655.00000000,0.02700000,1736087092719
85425470,8655.00000000,0.02696000,1736087092719
85425471,8655.00000000,0.02000000,1736087092719
85425472,8656.00000000,0.02700000,1736087092719
85425473,8656.00000000,0.02700000,1736087092719
85425474,8656.00000000,0.01500000,1736087092719
85425475,8656.00000000,0.00087000,1736087092719
85425476,8657.00000000,0.02212000,1736087092719
85425477,8656.00000000,0.02000000,1736087099038
85425478,8665.00000000,0.00082000,1736087125083
85425479,8672.00000000,0.00300000,1736087135387
85425480,8672.00000000,0.00200000,1736087135387
85425481,8672.00000000,0.01810000,1736087135387
85425482,8673.00000000,0.02000000,1736087159238
85425483,8675.00000000,0.01037000,1736087163422
85425484,8675.00000000,0.02000000,1736087163422
85425485,8675.00000000,0.00300000,1736087163422
85425486,8675.00000000,0.00200000,1736087163422
85425487,8675.00000000,0.00200000,1736087163422
85425488,8680.00000000,0.00076000,1736087166420
85425489,8681.00000000,0.00069000,1736087166420
85425490,8682.00000000,0.00085000,1736087166420
85425491,8681.00000000,0.00116000,1736087179886
85425492,8675.00000000,0.00082000,1736087184437
85425493,8676.00000000,0.00266000,1736087196455
85425494,8674.00000000,0.00300000,1736087240282
85425495,8674.00000000,0.00200000,1736087240282
85425496,8675.00000000,0.02000000,1736087240304
85425497,8675.00000000,0.00082000,1736087244431
85425498,8673.00000000,0.01500000,1736087262601
85425499,8673.00000000,0.00087000,1736087262601
85425500,8672.00000000,0.01500000,1736087262709
85425501,8672.00000000,0.02621000,1736087262709
85425502,8671.00000000,0.00087000,1736087262710
85425503,8671.00000000,0.01451000,1736087262710
85425504,8671.00000000,0.03336000,1736087262710
85425505,8671.00000000,0.01839000,1736087262713
85425506,8670.00000000,0.02000000,1736087262732
85425507,8674.00000000,0.02700000,1736087289592
85425508,8674.00000000,0.02100000,1736087289592
85425509,8673.00000000,0.02700000,1736087289592
85425510,8673.00000000,0.00834000,1736087289592
85425511,8672.00000000,0.02700000,1736087291592
85425512,8672.00000000,0.03431000,1736087291592
85425513,8672.00000000,0.01500000,1736087291592
85425514,8672.00000000,0.00087000,1736087291592
85425515,8671.00000000,0.00615000,1736087291592
85425516,8670.00000000,0.01500000,1736087292593
85425517,8670.00000000,0.00087000,1736087292593
85425518,8670.00000000,0.02700000,1736087292593
85425519,8669.00000000,0.02700000,1736087292593
85425520,8669.00000000,0.00087000,1736087292593
85425521,8669.00000000,0.01259000,1736087292593
85425522,8670.00000000,0.00083000,1736087305251
85425523,8675.00000000,0.00079000,1736087364520
85425524,8662.00000000,0.00082000,1736087424439
85425525,8656.00000000,0.02000000,1736087433669
85425526,8658.00000000,0.02700000,1736087435032
85425527,8658.00000000,0.01500000,1736087435032
85425528,8658.00000000,0.01521000,1736087435032
85425529,8656.00000000,0.02700000,1736087435572
85425530,8656.00000000,0.02700000,1736087435572
85425531,8655.00000000,0.02706000,1736087442327
85425532,8655.00000000,0.00150000,1736087449792
85425533,8658.00000000,0.00277000,1736087453487
85425534,8658.00000000,0.01723000,1736087454715
85425535,8658.00000000,0.00133000,1736087467227
85425536,8658.00000000,0.02000000,1736087469797
85425537,8658.00000000,0.00200000,1736087471818
85425538,8658.00000000,0.02700000,1736087471818
85425539,8657.00000000,0.02208000,1736087472132
85425540,8658.00000000,0.22824000,1736087472141
85425541,8658.00000000,0.02050000,1736087472150
85425542,8658.00000000,0.09950000,1736087472151
85425543,8658.00000000,0.05150000,1736087472152
85425544,8658.00000000,0.01398000,1736087472152
85425545,8658.00000000,0.04050000,1736087472155
85425546,8658.00000000,0.13373000,1736087472166
85425547,8662.00000000,0.10000000,1736087480959
85425548,8661.00000000,0.02000000,1736087481465
85425549,8661.00000000,0.01500000,1736087481465
85425550,8661.00000000,0.00300000,1736087481465
85425551,8661.00000000,0.00200000,1736087481465
85425552,8661.00000000,0.00200000,1736087481465
85425553,8661.00000000,0.02700000,1736087481465
85425554,8662.00000000,0.02700000,1736087481465
85425555,8662.00000000,0.00400000,1736087481465
85425556,8660.00000000,0.00133000,1736087483186
85425557,8659.00000000,0.01155000,1736087483799
85425558,8660.00000000,0.00079000,1736087484519
85425559,8660.00000000,0.03046000,1736087484632
85425560,8666.00000000,0.02700000,1736087519912
85425561,8666.00000000,0.02700000,1736087519912
85425562,8667.00000000,0.02700000,1736087519912
85425563,8667.00000000,0.02700000,1736087519912
85425564,8667.00000000,0.01500000,1736087519912
85425565,8667.00000000,0.02453000,1736087519912
85425566,8668.00000000,0.08655000,1736087519912
85425567,8668.00000000,0.02000000,1736087519912
85425568,8668.00000000,0.12012000,1736087519915
85425569,8668.00000000,0.12580000,1736087521058
85425570,8668.00000000,0.00082000,1736087544514
85425571,8665.00000000,0.15463000,1736087545605
85425572,8665.00000000,0.01350000,1736087545624
85425573,8665.00000000,0.00900000,1736087545672
85425574,8662.00000000,0.00180000,1736087557393
85425575,8662.00000000,0.21547000,1736087570849
85425576,8662.00000000,0.04980000,1736087570851
85425577,8662.00000000,0.08620000,1736087570851
85425578,8662.00000000,0.14673000,1736087570851
85425579,8660.00000000,0.00316000,1736087577568
85425580,8661.00000000,0.08862000,1736087584468
85425581,8666.00000000,0.01175000,1736087590057
85425582,8666.00000000,0.03256000,1736087590059
85425583,8668.00000000,0.02169000,1736087602623
85425584,8668.00000000,0.00046000,1736087602624
85425585,8675.00000000,0.00082000,1736087604785
85425586,8671.00000000,0.03432000,1736087616187
85425587,8670.00000000,0.00087000,1736087616197
85425588,8670.00000000,0.03512000,1736087616197
85425589,8670.00000000,0.01500000,1736087616231
85425590,8670.00000000,0.00558000,1736087621631
85425591,8665.00000000,0.00279000,1736087644116
85425592,8667.00000000,0.00270000,1736087648634
85425593,8668.00000000,0.00081000,1736087664514
85425594,8668.00000000,0.02619000,1736087665867
85425595,8668.00000000,0.02307000,1736087665867
85425596,8669.00000000,0.01770000,1736087675101
85425597,8665.00000000,0.01500000,1736087680737
85425598,8665.00000000,0.02700000,1736087680737
85425599,8665.00000000,0.00087000,1736087680737
85425600,8664.00000000,0.00087000,1736087680737
85425601,8664.00000000,0.00087000,1736087680737
85425602,8664.00000000,0.01426000,1736087680737
85425603,8667.00000000,0.02310000,1736087701846
85425604,8667.00000000,0.02700000,1736087701846
85425605,8666.00000000,0.02700000,1736087701846
85425606,8666.00000000,0.01500000,1736087701846
85425607,8666.00000000,0.02000000,1736087701846
85425608,8666.00000000,0.00087000,1736087701846
85425609,8665.00000000,0.02700000,1736087701846
85425610,8665.00000000,0.03356000,1736087701846
85425611,8665.00000000,0.00087000,1736087701846
85425612,8665.00000000,0.10000000,1736087702512
85425613,8665.00000000,0.10518000,1736087709182
85425614,8665.00000000,0.03060000,1736087709182
85425615,8665.00000000,0.03744000,1736087709182
85425616,8667.00000000,0.01256000,1736087709182
85425617,8674.00000000,0.00081000,1736087724517
85425618,8676.00000000,0.01728000,1736087734534
85425619,8684.00000000,0.02700000,1736087743519
85425620,8684.00000000,0.04842000,1736087743519
85425621,8684.00000000,0.02681000,1736087743519
85425622,8684.00000000,0.02846000,1736087743519
85425623,8684.00000000,0.04763000,1736087743519
85425624,8684.00000000,0.02216000,1736087743519
85425625,8685.00000000,0.15284000,1736087744334
85425626,8685.00000000,0.13385000,1736087744337
85425627,8685.00000000,0.10078000,1736087744339
85425628,8685.00000000,0.01300000,1736087751545
85425629,8685.00000000,0.02700000,1736087751546
85425630,8685.00000000,0.08100000,1736087751546
85425631,8685.00000000,0.04050000,1736087751547
85425632,8685.00000000,0.01700000,1736087751549
85425633,8685.00000000,0.04180000,1736087752610
85425634,8685.00000000,0.04498000,1736087752611
85425635,8685.00000000,0.01421000,1736087752611
85425636,8685.00000000,0.09615000,1736087752612
85425637,8685.00000000,0.01298000,1736087752612
85425638,8685.00000000,0.05307000,1736087752613
85425639,8685.00000000,0.05154000,1736087752613
85425640,8685.00000000,0.04050000,1736087752614
85425641,8685.00000000,0.01040000,1736087752614
85425642,8687.00000000,0.00109000,1736087752615
85425643,8688.00000000,0.00087000,1736087752615
85425644,8688.00000000,0.01204000,1736087752615
85425645,8688.00000000,0.00138000,1736087757256
85425646,8688.00000000,0.00082000,1736087757259
85425647,8688.00000000,0.00230000,1736087757283
85425648,8688.00000000,0.00082000,1736087757286
85425649,8689.00000000,0.00771000,1736087757357
85425650,8689.00000000,0.00082000,1736087757360
85425651,8687.00000000,0.00058000,1736087761729
85425652,8687.00000000,0.02000000,1736087761870
85425653,8687.00000000,0.02700000,1736087767274
85425654,8687.00000000,0.00663000,1736087782903
85425655,8689.00000000,0.00081000,1736087784801
85425656,8684.00000000,0.00117000,1736087807975
85425657,8686.00000000,0.00116000,1736087832887
85425658,8699.00000000,0.00082000,1736087844514
85425659,8699.00000000,0.00153000,1736087849163
85425660,8695.00000000,0.08627000,1736087853760
85425661,8697.00000000,0.00637000,1736087867511
85425662,8697.00000000,0.02700000,1736087867511
85425663,8697.00000000,0.00821000,1736087867511
85425664,8694.00000000,0.00087000,1736087868259
85425665,8703.00000000,0.05000000,1736087896275
85425666,8706.00000000,0.01379000,1736087899408
85425667,8705.00000000,0.00621000,1736087899408
85425668,8703.00000000,0.00082000,1736087904425
85425669,8703.00000000,0.00200000,1736087926853
85425670,8703.00000000,0.00961000,1736087926853
85425671,8702.00000000,0.08620000,1736087945277
85425672,8701.00000000,0.01500000,1736087945291
85425673,8698.00000000,0.00082000,1736087964509
85425674,8701.00000000,0.01038000,1736088007395
85425675,8701.00000000,0.01334000,1736088007396
85425676,8696.00000000,0.00082000,1736088024426
85425677,8695.00000000,0.01079000,1736088044646
85425678,8695.00000000,0.07547000,1736088044647
85425679,8695.00000000,0.02000000,1736088044647
85425680,8694.00000000,0.00082000,1736088084506
85425681,8700.00000000,0.00118000,1736088124061
85425682,8701.00000000,0.00207000,1736088124158
85425683,8701.00000000,0.00200000,1736088124158
85425684,8700.00000000,0.00329000,1736088141633
85425685,8705.00000000,0.00082000,1736088144791
85425686,8709.00000000,0.00200000,1736088165645
85425687,8710.00000000,0.02790000,1736088165645
85425688,8710.00000000,0.04080000,1736088165645
85425689,8710.00000000,0.02970000,1736088165654
85425690,8713.00000000,0.01032000,1736088173408
85425691,8713.00000000,0.00882000,1736088173408
85425692,8715.00000000,0.00087000,1736088173408
85425693,8715.00000000,0.00087000,1736088173408
85425694,8715.00000000,0.03135000,1736088173408
85425695,8716.00000000,0.00514000,1736088173408
85425696,8715.00000000,0.01781000,1736088177132
85425697,8715.00000000,0.00215000,1736088177132
85425698,8715.00000000,0.00793000,1736088177132
85425699,8715.00000000,0.00082000,1736088204790
85425700,8715.00000000,0.00034000,1736088206532
85425701,8717.00000000,0.01500000,1736088206532
85425702,8717.00000000,0.00316000,1736088206532
85425703,8713.00000000,0.00082000,1736088264427
85425704,8715.00000000,0.01500000,1736088272608
85425705,8716.00000000,0.02700000,1736088272608
85425706,8716.00000000,0.01661000,1736088272608
85425707,8716.00000000,0.00185000,1736088294786
85425708,8719.00000000,0.03236000,1736088308346
85425709,8719.00000000,0.00164000,1736088308362
85425710,8720.00000000,0.00076000,1736088308362
85425711,8720.00000000,0.01500000,1736088308362
85425712,8721.00000000,0.00087000,1736088308362
85425713,8721.00000000,0.08602000,1736088308362
85425714,8721.00000000,0.01500000,1736088308364
85425715,8722.00000000,0.00087000,1736088308364
85425716,8723.00000000,0.00087000,1736088308364
85425717,8723.00000000,0.00087000,1736088308364
85425718,8723.00000000,0.01939000,1736088308364
85425719,8723.00000000,0.01300000,1736088308364
85425720,8724.00000000,0.01308000,1736088308629
85425721,8724.00000000,0.02268000,1736088309539
85425722,8726.00000000,0.00109000,1736088316941
85425723,8726.00000000,0.02865000,1736088316941
85425724,8734.00000000,0.00082000,1736088324507
85425725,8735.00000000,0.00322000,1736088329557
85425726,8735.00000000,0.00322000,1736088329557
85425727,8732.00000000,0.08590000,1736088332700
85425728,8731.00000000,0.00086000,1736088332704
85425729,8728.00000000,0.02700000,1736088335985
85425730,8728.00000000,0.02700000,1736088335985
85425731,8728.00000000,0.02000000,1736088335985
85425732,8731.00000000,0.00143000,1736088368150
85425733,8731.00000000,0.00175000,1736088383288
85425734,8735.00000000,0.00086000,1736088383289
85425735,8735.00000000,0.00086000,1736088383289
85425736,8735.00000000,0.01500000,1736088383289
85425737,8735.00000000,0.00565000,1736088383289
85425738,8736.00000000,0.00079000,1736088384789
85425739,8741.00000000,0.02709000,1736088395206
85425740,8742.00000000,0.00086000,1736088395206
85425741,8742.00000000,0.02700000,1736088395206
85425742,8742.00000000,0.07005000,1736088395206
85425743,8747.00000000,0.00131000,1736088403632
85425744,8745.00000000,0.04957000,1736088433155
85425745,8745.00000000,0.01500000,1736088433155
85425746,8744.00000000,0.03543000,1736088433155
85425747,8744.00000000,0.00852000,1736088439540
85425748,8741.00000000,0.08581000,1736088441791
85425749,8742.00000000,0.00079000,1736088444793
85425750,8738.00000000,0.01500000,1736088448923
85425751,8738.00000000,0.08500000,1736088448923
85425752,8740.00000000,0.00675000,1736088458335
85425753,8741.00000000,0.02310000,1736088485066
85425754,8741.00000000,0.01500000,1736088485066
85425755,8742.00000000,0.02700000,1736088485066
85425756,8742.00000000,0.02700000,1736088485066
85425757,8743.00000000,0.04560000,1736088485066
85425758,8743.00000000,0.05440000,1736088485066
85425759,8743.00000000,0.08580000,1736088485066
85425760,8744.00000000,0.02700000,1736088485067
85425761,8745.00000000,0.02700000,1736088485067
85425762,8745.00000000,0.02000000,1736088485067
85425763,8746.00000000,0.04524000,1736088485067
85425764,8746.00000000,0.02700000,1736088485067
85425765,8747.00000000,0.01581000,1736088485067
85425766,8747.00000000,0.01119000,1736088485067
85425767,8747.00000000,0.01441000,1736088485067
85425768,8748.00000000,0.02440000,1736088485067
85425769,8742.00000000,0.01500000,1736088485068
85425770,8743.00000000,0.00070000,1736088485068
85425771,8743.00000000,0.01430000,1736088485068
85425772,8744.00000000,0.00138000,1736088499020
85425773,8744.00000000,0.01500000,1736088500935
85425774,8745.00000000,0.00082000,1736088504506
85425775,8743.00000000,0.00669000,1736088517799
85425776,8746.00000000,0.00234000,1736088523114
85425777,8747.00000000,0.10000000,1736088525423
85425778,8748.00000000,0.06508000,1736088536744
85425779,8748.00000000,0.03492000,1736088536744
85425780,8748.00000000,0.02639000,1736088536744
85425781,8748.00000000,0.07361000,1736088536748
85425782,8749.00000000,0.08886000,1736088543223
85425783,8749.00000000,0.01114000,1736088543224
85425784,8750.00000000,0.10000000,1736088545382
85425785,8751.00000000,0.01474000,1736088547957
85425786,8751.00000000,0.05716000,1736088547957
85425787,8751.00000000,0.02810000,1736088547957
85425788,8751.00000000,0.01739000,1736088547957
85425789,8752.00000000,0.00705000,1736088547962
85425790,8752.00000000,0.02359000,1736088547963
85425791,8752.00000000,0.05080000,1736088547970
85425792,8752.00000000,0.01856000,1736088547970
85425793,8753.00000000,0.02600000,1736088547971
85425794,8753.00000000,0.02400000,1736088547975
85425795,8753.00000000,0.05000000,1736088550978
85425796,8754.00000000,0.06250000,1736088550978
85425797,8754.00000000,0.03750000,1736088550979
85425798,8755.00000000,0.10000000,1736088551333
85425799,8760.00000000,0.00070000,1736088554159
85425800,8759.00000000,0.02310000,1736088554629
85425801,8759.00000000,0.00200000,1736088554629
85425802,8759.00000000,0.02700000,1736088554629
85425803,8759.00000000,0.02700000,1736088554629
85425804,8759.00000000,0.00200000,1736088554629
85425805,8759.00000000,0.00200000,1736088554629
85425806,8759.00000000,0.00200000,1736088554629
85425807,8759.00000000,0.02884000,1736088554629
85425808,8759.00000000,0.02000000,1736088554629
85425809,8759.00000000,0.00100000,1736088554629
85425810,8759.00000000,0.00400000,1736088554629
85425811,8759.00000000,0.00300000,1736088554629
85425812,8759.00000000,0.00049000,1736088554629
85425813,8759.00000000,0.00151000,1736088554632
85425814,8759.00000000,0.00100000,1736088554632
85425815,8759.00000000,0.00100000,1736088554632
85425816,8759.00000000,0.00300000,1736088554632
85425817,8759.00000000,0.00500000,1736088554632
85425818,8759.00000000,0.00100000,1736088554632
85425819,8759.00000000,0.00100000,1736088554632
85425820,8759.00000000,0.00100000,1736088554632
85425821,8759.00000000,0.00200000,1736088554632
85425822,8759.00000000,0.00100000,1736088554632
85425823,8757.00000000,0.01500000,1736088561429
85425824,8756.00000000,0.02980000,1736088561429
85425825,8756.00000000,0.05587000,1736088561429
85425826,8755.00000000,0.01383000,1736088561429
85425827,8755.00000000,0.01317000,1736088561429
85425828,8754.00000000,0.02700000,1736088561429
85425829,8754.00000000,0.02000000,1736088561429
85425830,8751.00000000,0.00083000,1736088561782
85425831,8751.00000000,0.00115000,1736088561784
85425832,8751.00000000,0.00083000,1736088561790
85425833,8754.00000000,0.02310000,1736088563631
85425834,8754.00000000,0.00082000,1736088564150
85425835,8754.00000000,0.02228000,1736088564357
85425836,8752.00000000,0.02700000,1736088564357
85425837,8751.00000000,0.01219000,1736088564357
85425838,8751.00000000,0.03408000,1736088564357
85425839,8751.00000000,0.02700000,1736088564357
85425840,8751.00000000,0.02650000,1736088564357
85425841,8753.00000000,0.05000000,1736088599922
85425842,8753.00000000,0.05000000,1736088599924
85425843,8756.00000000,0.01230000,1736088610865
85425844,8756.00000000,0.08100000,1736088610867
85425845,8756.00000000,0.00670000,1736088610867
85425846,8757.00000000,0.00132000,1736088611825
85425847,8757.00000000,0.10000000,1736088611825
85425848,8758.00000000,0.10000000,1736088613505
85425849,8759.00000000,0.06177000,1736088618774
85425850,8759.00000000,0.03823000,1736088618774
85425851,8759.00000000,0.01500000,1736088618774
85425852,8759.00000000,0.02700000,1736088618774
85425853,8760.00000000,0.00006000,1736088618774
85425854,8760.00000000,0.03941000,1736088618774
85425855,8760.00000000,0.06059000,1736088618774
85425856,8760.00000000,0.02154000,1736088618774
85425857,8760.00000000,0.00546000,1736088618774
85425858,8761.00000000,0.04454000,1736088618774
85425859,8759.00000000,0.00082000,1736088624156
85425860,8760.00000000,0.00200000,1736088661609
85425861,8760.00000000,0.00300000,1736088661609
85425862,8760.00000000,0.00200000,1736088661609
85425863,8760.00000000,0.00200000,1736088661609
85425864,8760.00000000,0.00200000,1736088661609
85425865,8760.00000000,0.00200000,1736088661609
85425866,8760.00000000,0.00200000,1736088661609
85425867,8760.00000000,0.00300000,1736088661609
85425868,8760.00000000,0.00200000,1736088661609
85425869,8759.00000000,0.01500000,1736088661616
85425870,8760.00000000,0.00114000,1736088675420
85425871,8758.00000000,0.00082000,1736088686982
85425872,8758.00000000,0.00118000,1736088688314
85425873,8758.00000000,0.00015000,1736088688314
85425874,8758.00000000,0.00185000,1736088695392
85425875,8758.00000000,0.00200000,1736088695392
85425876,8758.00000000,0.00200000,1736088695392
85425877,8758.00000000,0.00200000,1736088695392
85425878,8755.00000000,0.00200000,1736088722878
85425879,8755.00000000,0.18631000,1736088722878
85425880,8755.00000000,0.00200000,1736088722878
85425881,8755.00000000,0.00200000,1736088722878
85425882,8754.00000000,0.03047000,1736088722881
85425883,8757.00000000,0.00132000,1736088734949
85425884,8758.00000000,0.02789000,1736088734949
85425885,8758.00000000,0.00086000,1736088734949
85425886,8758.00000000,0.00707000,1736088734949
85425887,8758.00000000,0.02949000,1736088734949
85425888,8758.00000000,0.00826000,1736088734957
85425889,8758.00000000,0.06225000,1736088734958
85425890,8758.00000000,0.00200000,1736088735417
85425891,8758.00000000,0.00200000,1736088735417
85425892,8758.00000000,0.00200000,1736088735417
85425893,8757.00000000,0.02700000,1736088735417
85425894,8757.00000000,0.02700000,1736088735417
85425895,8757.00000000,0.01500000,1736088735417
85425896,8757.00000000,0.02500000,1736088735417
85425897,8758.00000000,0.00082000,1736088746267
85425898,8758.00000000,0.09234000,1736088748501
85425899,8758.00000000,0.00200000,1736088748501
85425900,8758.00000000,0.00200000,1736088748501
85425901,8758.00000000,0.00200000,1736088748501
85425902,8757.00000000,0.04658000,1736088748905
85425903,8759.00000000,0.10000000,1736088787060
85425904,8759.00000000,0.00707000,1736088787060
85425905,8760.00000000,0.01007000,1736088787060
85425906,8760.00000000,0.05812000,1736088788919
85425907,8760.00000000,0.03181000,1736088788920
85425908,8761.00000000,0.03793000,1736088790735
85425909,8761.00000000,0.01490000,1736088790736
85425910,8761.00000000,0.00263000,1736088790746
85425911,8762.00000000,0.08125000,1736088790771
85425912,8762.00000000,0.01875000,1736088790787
85425913,8763.00000000,0.10000000,1736088806974
85425914,8764.00000000,0.00079000,1736088808090
85425915,8763.00000000,0.02329000,1736088817850
85425916,8762.00000000,0.01164000,1736088819158
85425917,8761.00000000,0.00132000,1736088844904
85425918,8762.00000000,0.06046000,1736088844904
85425919,8762.00000000,0.03954000,1736088844907
85425920,8762.00000000,0.00115000,1736088844907
85425921,8763.00000000,0.01500000,1736088844914
85425922,8763.00000000,0.03500000,1736088844916
85425923,8763.00000000,0.00600000,1736088844981
85425924,8763.00000000,0.02319000,1736088846497
85425925,8763.00000000,0.02081000,1736088846498
85425926,8764.00000000,0.00030000,1736088846499
85425927,8764.00000000,0.00886000,1736088846499
85425928,8764.00000000,0.02402000,1736088846499
85425929,8764.00000000,0.02223000,1736088846500
85425930,8764.00000000,0.04489000,1736088846501
85425931,8764.00000000,0.00283000,1736088846501
85425932,8764.00000000,0.00424000,1736088846503
85425933,8765.00000000,0.01100000,1736088846513
85425934,8764.00000000,0.00582000,1736088859084
85425935,8763.00000000,0.00291000,1736088859792
85425936,8764.00000000,0.00081000,1736088865314
85425937,8762.00000000,0.00290000,1736088870121
85425938,8762.00000000,0.00002000,1736088870124
85425939,8760.00000000,0.19960000,1736088877151
85425940,8760.00000000,0.04060000,1736088877151
85425941,8760.00000000,0.03416000,1736088877151
85425942,8760.00000000,0.05400000,1736088877151
85425943,8760.00000000,0.05400000,1736088877151
85425944,8760.00000000,0.04050000,1736088877151
85425945,8760.00000000,0.04050000,1736088877152
85425946,8760.00000000,0.04050000,1736088877152
85425947,8760.00000000,0.41884000,1736088877152
85425948,8760.00000000,0.02700000,1736088892835
85425949,8761.00000000,0.03404000,1736088892835
85425950,8761.00000000,0.02700000,1736088892835
85425951,8761.00000000,0.00086000,1736088892835
85425952,8762.00000000,0.02700000,1736088892835
85425953,8762.00000000,0.00086000,1736088892835
85425954,8762.00000000,0.00824000,1736088892835
85425955,8762.00000000,0.00300000,1736088903873
85425956,8762.00000000,0.00200000,1736088903873
85425957,8762.00000000,0.00200000,1736088903873
85425958,8762.00000000,0.00200000,1736088903873
85425959,8762.00000000,0.00200000,1736088903873
85425960,8762.00000000,0.00300000,1736088903873
85425961,8762.00000000,0.00200000,1736088903873
85425962,8762.00000000,0.00200000,1736088903873
85425963,8762.00000000,0.00200000,1736088903873
85425964,8761.00000000,0.02700000,1736088903873
85425965,8763.00000000,0.04456000,1736088906946
85425966,8763.00000000,0.00680000,1736088906950
85425967,8763.00000000,0.00556000,1736088906950
85425968,8764.00000000,0.00133000,1736088907405
85425969,8764.00000000,0.00402000,1736088907405
85425970,8764.00000000,0.05588000,1736088919295
85425971,8764.00000000,0.02095000,1736088919296
85425972,8764.00000000,0.01915000,1736088919297
85425973,8764.00000000,0.00022000,1736088919297
85425974,8764.00000000,0.00409000,1736088919297
85425975,8764.00000000,0.01084000,1736088919297
85425976,8764.00000000,0.00624000,1736088919298
85425977,8765.00000000,0.06060000,1736088919320
85425978,8765.00000000,0.02840000,1736088919353
85425979,8766.00000000,0.05000000,1736088920906
85425980,8766.00000000,0.04050000,1736088920907
85425981,8766.00000000,0.00950000,1736088920910
85425982,8766.00000000,0.00133000,1736088920910
85425983,8767.00000000,0.05625000,1736088921010
85425984,8767.00000000,0.01770000,1736088921010
85425985,8767.00000000,0.02605000,1736088921010
85425986,8768.00000000,0.00100000,1736088921012
85425987,8768.00000000,0.00693000,1736088921012
85425988,8768.00000000,0.01781000,1736088921012
85425989,8768.00000000,0.00215000,1736088921012
85425990,8768.00000000,0.00061000,1736088921012
85425991,8768.00000000,0.01300000,1736088921012
85425992,8768.00000000,0.05000000,1736088921015
85425993,8768.00000000,0.01950000,1736088921017
85425994,8768.00000000,0.01680000,1736088921082
85425995,8768.00000000,0.00009000,1736088921088
85425996,8769.00000000,0.05831000,1736088921088
85425997,8769.00000000,0.00079000,1736088924824
85425998,8768.00000000,0.00200000,1736088928298
85425999,8768.00000000,0.00300000,1736088928298
85426000,8768.00000000,0.00200000,1736088928298
85426001,8768.00000000,0.00200000,1736088928298
85426002,8768.00000000,0.00200000,1736088928298
85426003,8768.00000000,0.03700000,1736088928298
85426004,8768.00000000,0.00200000,1736088928298
85426005,8768.00000000,0.00200000,1736088928298
85426006,8768.00000000,0.00300000,1736088928298
85426007,8768.00000000,0.00200000,1736088928298
85426008,8767.00000000,0.03800000,1736088941164
85426009,8766.00000000,0.02700000,1736088956010
85426010,8767.00000000,0.03144000,1736088958611
85426011,8767.00000000,0.02044000,1736088958612
85426012,8767.00000000,0.05101000,1736088958614
85426013,8767.00000000,0.00911000,1736088958615
85426014,8767.00000000,0.00100000,1736088961089
85426015,8769.00000000,0.00987000,1736088968637
85426016,8769.00000000,0.03103000,1736088968638
85426017,8770.00000000,0.05000000,1736088970775
85426018,8770.00000000,0.00079000,1736088985517
85426019,8768.00000000,0.00372000,1736089005038
85426020,8768.00000000,0.03900000,1736089015030
85426021,8767.00000000,0.03238000,1736089015033
85426022,8767.00000000,0.02000000,1736089015033
85426023,8767.00000000,0.01500000,1736089015033
85426024,8766.00000000,0.08008000,1736089015044
85426025,8766.00000000,0.00086000,1736089015044
85426026,8764.00000000,0.02700000,1736089021407
85426027,8764.00000000,0.00200000,1736089021407
85426028,8764.00000000,0.00300000,1736089021407
85426029,8764.00000000,0.00100000,1736089021407
85426030,8764.00000000,0.00100000,1736089021407
85426031,8764.00000000,0.00100000,1736089021407
85426032,8764.00000000,0.00200000,1736089021407
85426033,8764.00000000,0.00100000,1736089021407
85426034,8761.00000000,0.00082000,1736089045009
85426035,8761.00000000,0.03280000,1736089048167
85426036,8761.00000000,0.00338000,1736089048167
85426037,8760.00000000,0.02700000,1736089048167
85426038,8759.00000000,0.02000000,1736089048168
85426039,8759.00000000,0.00300000,1736089076116
85426040,8759.00000000,0.00200000,1736089076116
85426041,8759.00000000,0.00300000,1736089076116
85426042,8759.00000000,0.00200000,1736089076116
85426043,8759.00000000,0.00200000,1736089076116
85426044,8759.00000000,0.00200000,1736089076116
85426045,8759.00000000,0.00200000,1736089076116
85426046,8759.00000000,0.00200000,1736089076116
85426047,8759.00000000,0.02700000,1736089076116
85426048,8759.00000000,0.00079000,1736089105157
85426049,8759.00000000,0.01360000,1736089157881
85426050,8759.00000000,0.01267000,1736089157881
85426051,8762.00000000,0.00081000,1736089166200
85426052,8761.00000000,0.00200000,1736089182145
85426053,8761.00000000,0.00200000,1736089182145
85426054,8761.00000000,0.00200000,1736089182145
85426055,8761.00000000,0.00200000,1736089182145
85426056,8761.00000000,0.00200000,1736089182145
85426057,8761.00000000,0.00300000,1736089182145
85426058,8761.00000000,0.00300000,1736089182145
85426059,8761.00000000,0.00200000,1736089182145
85426060,8755.00000000,0.06646000,1736089200354
85426061,8754.00000000,0.02700000,1736089200355
85426062,8753.00000000,0.04950000,1736089200376
85426063,8753.00000000,0.02028000,1736089200376
85426064,8753.00000000,0.01236000,1736089200390
85426065,8754.00000000,0.00100000,1736089200455
85426066,8761.00000000,0.00200000,1736089216613
85426067,8762.00000000,0.02700000,1736089216613
85426068,8762.00000000,0.00705000,1736089216613
85426069,8762.00000000,0.00086000,1736089216613
85426070,8762.00000000,0.01500000,1736089216613
85426071,8763.00000000,0.02700000,1736089216613
85426072,8763.00000000,0.00086000,1736089216613
85426073,8763.00000000,0.00086000,1736089216613
85426074,8763.00000000,0.02815000,1736089216613
85426075,8764.00000000,0.02700000,1736089216613
85426076,8764.00000000,0.00086000,1736089216613
85426077,8764.00000000,0.04596000,1736089216613
85426078,8764.00000000,0.03404000,1736089216613
85426079,8764.00000000,0.02000000,1736089216613
85426080,8765.00000000,0.02700000,1736089216613
85426081,8765.00000000,0.00086000,1736089216613
85426082,8765.00000000,0.08559000,1736089216613
85426083,8766.00000000,0.02700000,1736089216613
85426084,8766.00000000,0.00086000,1736089216613
85426085,8766.00000000,0.01439000,1736089216613
85426086,8767.00000000,0.02700000,1736089216613
85426087,8767.00000000,0.00086000,1736089216613
85426088,8767.00000000,0.00086000,1736089216613
85426089,8768.00000000,0.02700000,1736089216613
85426090,8768.00000000,0.00086000,1736089216613
85426091,8768.00000000,0.02481000,1736089216613
85426092,8768.00000000,0.04214000,1736089216613
85426093,8769.00000000,0.02700000,1736089216613
85426094,8769.00000000,0.02286000,1736089216613
85426095,8769.00000000,0.00086000,1736089216613
85426096,8769.00000000,0.05433000,1736089216613
85426097,8762.00000000,0.00082000,1736089227791
85426098,8762.00000000,0.00570000,1736089234247
85426099,8759.00000000,0.02700000,1736089236741
85426100,8759.00000000,0.00221000,1736089236741
85426101,8760.00000000,0.01261000,1736089251676
85426102,8760.00000000,0.02944000,1736089251677
85426103,8769.00000000,0.00065000,1736089272605
85426104,8770.00000000,0.00082000,1736089282354
85426105,8770.00000000,0.04839000,1736089286521
85426106,8771.00000000,0.00079000,1736089286862
85426107,8769.00000000,0.00148000,1736089290626
85426108,8767.00000000,0.00150000,1736089299144
85426109,8767.00000000,0.00004000,1736089320802
85426110,8761.00000000,0.02196000,1736089320802
85426111,8758.00000000,0.02700000,1736089324739
85426112,8758.00000000,0.03103000,1736089324739
85426113,8758.00000000,0.00239000,1736089335675
85426114,8764.00000000,0.00114000,1736089339424
85426115,8764.00000000,0.00082000,1736089346910
85426116,8771.00000000,0.09921000,1736089365355
85426117,8772.00000000,0.05790000,1736089365416
85426118,8772.00000000,0.03887000,1736089365428
85426119,8772.00000000,0.00323000,1736089365429
85426120,8773.00000000,0.00283000,1736089367519
85426121,8773.00000000,0.04913000,1736089367523
85426122,8773.00000000,0.04200000,1736089367527
85426123,8773.00000000,0.00604000,1736089367529
85426124,8773.00000000,0.00085000,1736089372619
85426125,8772.00000000,0.00115000,1736089375090
85426126,8774.00000000,0.03014000,1736089378628
85426127,8772.00000000,0.03300000,1736089389461
